3259 5042
1487 385 1561 396 —-
1650 350 1733 412 54
1815 384 1882 404 -.

1605 576 1659 657 g,
1703 579 1763 641 4.

745 776 1077 858 Reliquum
1121 781 1252 852 est,
1324 779 1396 839 ut
1451 774 1531 839 de
1587 772 2066 854 mythographis
2125 772 2337 838 latinis
2358 773 2409 855 ¹)
2433 825 2448 854 ,
2522 791 2786 855 quorum

580 883 976 949 narrationes
1033 886 1101 946 et
1140 880 1312 962 ipsas
1368 878 1673 945 columnis
1730 879 2087 944 continuavi
2107 877 2162 960 2)
2179 930 2195 957 ,
2259 876 2589 945 dicendum
2647 897 2788 944 esse

578 988 888 1055 videatur.

743 1139 973 1224 Hygini
994 1139 1207 1206 fabula
1227 1138 1502 1206 secunda
1524 1144 1593 1204 et
1611 1137 1846 1204 tertiae
1887 1137 2067 1204 initio
2107 1142 2549 1218 argumentum
2574 1137 2788 1202 Phrixi

578 1259 637 1313 α’
685 1246 1008 1330 Euripidei
1049 1245 1356 1312 contineri
1397 1245 1522 1311 iam
1564 1263 1758 1326 supra
1798 1242 2065 1339 vidimus
2080 1245 2152 1323 ³).

741 1401 814 1466 In
858 1398 982 1467 fab.
1030 1402 1149 1465 188
1202 1398 1367 1463 idem
1428 1404 1652 1463 narrat
1703 1380 2064 1478 Neptunum'
2117 1397 2539 1480 Theophanen
2584 1399 2784 1485 Bisal-

575 1506 724 1572 tidis
764 1506 957 1571 filiam
1012 1507 1076 1569 in
1137 1524 1338 1588 ovem,
1402 1522 1473 1570 se
1522 1505 1586 1570 in
1629 1505 1896 1570 arietem
1939 1504 2421 1569 commutavisse
2465 1524 2665 1587 exque
2709 1524 2787 1570 ea

572 1615 839 1681 arietem
881 1611 1379 1695 Chrysomallum
1422 1612 1870 1694 procreavisse,
1911 1610 2017 1693 qui
2061 1609 2142 1676 ad
2183 1609 2445 1676 Colchos
2485 1611 2784 1679 Phrixum

574 1721 739 1787 tulit.

737 1874 810 1940 In
874 1872 1319 1957 Mythographi
1379 1872 1673 1939 Vaticani
1714 1872 1746 1937 I
1794 1871 1899 1937 lib.
1942 1872 1976 1937 I
2030 1890 2164 1954 cap.
2208 1875 2291 1938 23
2332 1873 2564 1957 duplex
2606 1874 2780 1942 fabu-

571 1982 673 2046 lae
741 1979 941 2046 forma
1002 1979 1337 2045 invenitur.
1422 1978 1604 2044 Prior
1666 1997 1861 2061 prope
1931 1977 2013 2043 ad
2083 1979 2342 2045 verbum
2415 1999 2492 2045 ex
2552 1981 2783 2064 Hygini

570 2086 693 2153 fab.
738 2086 832 2150 III
887 2086 1070 2151 initio
1121 2086 1532 2167 transcripta,
1607 2085 1816 2151 altera
1868 2102 1945 2149 ex
1998 2084 2228 2167 Hygini
2293 2084 2414 2152 fab.
2473 2085 2537 2151 II
2581 2094 2647 2152 et
2688 2089 2783 2153 III

570 2200 761 2275 atque
801 2211 837 2257 e
862 2190 1351 2275 Philostephano
1393 2191 1828 2273 conglutinata
1871 2196 1988 2270 est,
2040 2191 2265 2273 quibus
2305 2193 2369 2257 id
2410 2199 2660 2260 tantum
2700 2195 2780 2259 de

569 2317 684 2365 suo
706 2298 1007 2379 adiunxit,
1046 2297 1364 2377 Phrixum,
1406 2302 1481 2365 ut
1524 2298 1805 2378 fugeret,
1850 2297 1891 2362 J
1906 2297 2187 2364 unonis
2230 2298 2626 2364 instinctu
2671 2300 2780 2364 ad-

567 2404 871 2470 monitum
915 2422 1075 2470 esse.
2651 2393 2658 2397 ’

732 2557 885 2624 Inde
930 2557 1425 2639 Mythographus
1461 2557 1809 2623 Vaticanus
1849 2557 1913 2622 11
1936 2560 1987 2639 ⁴)
2048 2576 2236 2623 unam
2294 2558 2571 2624 fabulam
2627 2560 2777 2625 fecit

565 2664 809 2731 omissis
850 2665 947 2743 iis,
991 2682 1152 2745 quae
1175 2682 1251 2728 ex
1273 2662 1765 2745 Philostephano
1805 2663 2033 2729 hausta
2055 2670 2203 2729 sunt
2225 2684 2512 2748 quaeque
2544 2666 2774 2733 Phrixo

563 2772 628 2836 in
669 2770 963 2837 Colchide
1006 2770 1389 2837 acciderunt.

734 2912 1106 2978 Placidus
1174 2913 1672 2979 Lactantius
1730 2912 1813 2979 ad
1867 2913 2054 2980 Statii
2107 2912 2300 2979 Theb.
2346 2914 2419 2993 V,
2467 2918 2593 2980 475
2634 2934 2777 2996 pro-

496 3040 501 3047 ·
564 3020 839 3086 oemium
881 3038 915 3084 e
961 3018 1160 3100 Myth.
1206 3019 1352 3086 Vat.
1397 3020 1446 3100 Ι,
1490 3019 1736 3101 reliqua
1780 3039 1816 3084 e
1839 3020 2143 3086 Vaticano
2184 3021 2245 3085 Π
2290 3029 2613 3087 mutuatus
2657 3026 2773 3086 est.

732 3168 905 3245 Quae
947 3167 1115 3232 idem
1158 3165 1242 3232 ad
1285 3167 1479 3233 Theb.
1504 3168 1608 3260 411,
1652 3170 1773 3232 281
1820 3175 2095 3248 enarrat,
2141 3186 2357 3233 eorum
2401 3166 2703 3250 pleraque
2735 3187 2770 3232 e

710 3460 762 3531 1)
801 3459 1015 3530 Hygini
1059 3460 1300 3517 fabulae.
1355 3462 1438 3517 ed.
1493 3463 1693 3518 Bernh.
1746 3463 1959 3532 Bunte,
2019 3463 2271 3533 Lipsiae;
2334 3464 2419 3519 ed.
2469 3462 2769 3518 Mauricius

808 3555 1068 3625 Schmidt,
1106 3557 1282 3612 Jenae
1328 3557 1478 3613 1872.
2385 3598 2389 3603 -
2657 3628 2675 3635 ,

810 3651 1119 3721 Scriptores
1156 3670 1338 3710 rerum
1374 3656 1549 3725 myth.
1586 3656 1751 3712 latini
1775 3656 1882 3725 III,
1922 3657 2006 3712 ed.
2047 3657 2113 3713 G.
2138 3658 2208 3711 H.
2229 3657 2396 3725 Bode,
2437 3658 2584 3713 Colle
2615 3658 2771 3714 1834.

808 3746 1026 3802 Scholia
1063 3748 1234 3804 Statii
1274 3766 1397 3806 cum
1432 3751 1742 3821 perspicere
1777 3751 1993 3820 vellem,
2044 3751 2344 3822 impetrare
2391 3753 2615 3821 nequivi
2665 3754 2773 3808 nisi

561 3857 699 3911 opus
736 3858 771 3897 a
812 3842 982 3897 Petro
1019 3843 1380 3914 Bergomensi
1414 3846 1827 3911 MCOCCXCIX
1863 3847 2214 3917 impressum,
2277 3864 2382 3915 quo
2420 3846 2773 3904 continentur

560 3935 733 3992 Statii
769 3936 951 3992 Silvae
991 3953 1115 3994 cum
1155 3939 1386 3995 Domitii
1424 3940 1847 4010 commentariis,
1885 3940 2057 3996 Statii
2093 3941 2331 3998 Thebais
2370 3959 2493 3998 eum
2528 3944 2770 4000 Laetan-

565 4031 640 4087 tii
677 4033 1101 4103 commentas-iia
1139 4034 1311 4090 Statii
1347 4036 1611 4092 Achilleis
1648 4053 1772 4092 cum
1806 4036 2142 4094 Maturantii
2180 4040 2602 4096 commentariis,

702 4146 760 4212 2)
797 4144 924 4202 vide
963 4147 1214 4204 tabulam
1251 4150 1315 4205 11
1351 4168 1482 4223 pag.
1522 4153 1605 4210 56.

699 4256 758 4328 8)
793 4274 935 4329 pag.-
957 4258 1027 4314 41
1067 4276 1184 4331 sqq.

697 4370 757 4446 4)
794 4386 911 4445 cap.
954 4372 1080 4433 134.
