3259 5042
1345 360 1754 425 ...47-

615 532 790 614 Quae
832 550 973 601 cum
1013 551 1240 615 sparsa
1280 552 1404 601 non
1448 541 1904 602 enascerentur
1917 584 1932 614 ,
1991 532 2072 600 ad
2114 531 2467 616 Apollinem
2509 527 2658 595 Del·
2689 542 2692 545 ’

447 640 699 723 phicum
741 643 970 711 missus
1010 648 1129 722 est,
1174 642 1282 724 qui
1315 643 1676 709 sterilitatis
1717 642 2068 708 remedium
2090 660 2166 706 ex
2196 659 2271 706 eo
2299 642 2658 722 quaereret.

448 747 576 814 Sed
614 747 670 815 is
715 755 1050 832 corruptus
1090 749 1407 818 nuntiavit
1447 749 1636 815 deum
1680 767 1959 831 poscere,
2001 755 2075 816 ut
2095 747 2364 813 Phrixus
2387 753 2454 809 et
2476 742 2659 808 Helle

445 853 945 923 immolarentur.
1029 855 1212 936 Quod
1251 874 1332 921 ne
1376 854 1636 935 faceret,
1679 856 1787 920 diu
1829 854 2149 921 recusavit
2179 852 2503 930 AthamaS,
2546 847 2657 914 sed

448 961 836 1041 temporibus
880 968 1133 1028 coactus
1176 968 1244 1027 et
1285 980 1324 1027 a
1366 962 1604 1028 civibus
1633 963 1950 1043 Inoneque
1993 959 2348 1041 compulsus
2388 955 2659 1037 denique

447 1068 775 1132 concessit.
864 1067 1161 1133 Phrixum
1205 1073 1270 1134 et
1312 1062 1539 1134 Hellen
1595 1069 1725 1133 iam
1766 1068 2025 1133 vittatos
2068 1065 2150 1131 ad
2191 1083 2366 1130 aram
2410 1068 2660 1127 stantes

446 1178 900 1255 gementesque
943 1181 1181 1240 sortem
1224 1175 1519 1241 miseram
1571 1194 1711 1240 cum
1768 1179 2006 1252 mater,
2078 1190 2241 1255 quae
2300 1176 2448 1235 tunc
2492 1168 2659 1233 forte

447 1279 978 1360 praetervolabat‚
1049 1282 1400 1362 aspexisset
1418 1333 1433 1362 ,
1505 1282 1779 1347 attonita
1847 1279 2113 1346 nubibus
2179 1276 2533 1343 velantibus
2595 1274 2659 1338 in

445 1386 665 1452 urbem
738 1388 1067 1455 descendit
1129 1387 1467 1472 liberisque
1528 1391 1676 1455 inde
1741 1389 1979 1469 ereptis
2044 1385 2309 1453 tradidit
2365 1383 2657 1460 arietem,

447 1492 725 1575 Neptuni
765 1494 1303 1578 Theophanesque
1345 1496 1540 1563 filium
1561 1500 1645 1580 ⁹),
1721 1515 1915 1563 aureo
1958 1495 2192 1560 vellere
2234 1496 2526 1571 ornatum
2557 1488 2659 1572 ¹⁰),

448 1599 551 1681 qui
595 1618 703 1666 eos
747 1601 949 1666 maria
991 1601 1375 1668 traduceret.
1432 1600 1587 1670 'Sed
1632 1603 1818 1669 Helle
1839 1654 1853 1681 ,
1926 1601 2074 1684 quia
2117 1599 2281 1665 male
2323 1614 2516 1663 cornu
2564 1603 2657 1660 te-

446 1715 691 1786 nuerat,
732 1707 797 1771 in
841 1726 1016 1772 mare
1060 1707 1294 1774 decidit
1317 1712 1394 1792 11)
1413 1761 1428 1790 ,
1493 1709 1661 1793 quod
1700 1709 1780 1774 ab
1838 1727 1914 1774 ea
1952 1708 2401 1788 Hellespontus
2445 1699 2659 1783 appel-

693 1854 825 1912 fast.
863 1854 938 1923 ΙΙ,
977 1855 1107 1910 628;

777 1964 918 2020 quae
957 1949 1208 2005 ruricolis
1246 1950 1456 2006 semina
1492 1955 1646 2006 tosta
1686 1952 1855 2006 dedit.

698 2043 833 2099 fast.
874 2045 970 2113 VI,
1007 2044 1143 2102 5562

778 2139 1044 2209 comperit
1081 2138 1341 2210 agricolis
1379 2138 1591 2194 semina
1627 2146 1782 2194 tosta
1820 2139 1960 2195 dari.

592 2233 647 2298 9)
686 2239 814 2289 met.
855 2236 954 2304 VI,
998 2237 1124 2291 117:
1971 2235 2269 2304 (Neptune)

1767 2328 1914 2383 aries
1952 2327 2228 2384 Bisaltida
2265 2327 2432 2382 fallis

556 2422 644 2485 10)
683 2438 765 2491 ep.
804 2424 917 2478 her.
954 2425 1051 2492 VI,
1094 2424 1222 2479 103:

691 2534 798 2573 non
852 2519 989 2574 haec
1044 2518 1361 2587 AesonideS,
1424 2519 1520 2574 sed
1571 2518 1804 2574 Phasias
1853 2517 2087 2575 Aeetine

762 2629 933 2669 aurea
976 2615 1248 2669 Phrixeae
1285 2620 1453 2685 terga
1488 2614 1712 2669 revellit
1749 2615 1882 2670 ovis.

689 2723 774 2777 ep.
812 2710 927 2764 her.
965 2711 1144 2779 XVII,
1187 2710 1315 2766 143:

690 2802 910 2859 invideo
947 2804 1166 2871 Phrixe,
1216 2821 1376 2874 quem
1412 2821 1512 2874 per
1547 2804 1700 2859 freta
1737 2804 1927 2859 tristia
1964 2810 2150 2859 tutum

730 2922 735 2927 ·
774 2913 946 2952 aurea
981 2896 1232 2968 lanigero
1270 2899 1474 2955 vellere
1510 2898 1667 2955 vexit
1705 2897 1840 2953 ovis.

691 3008 783 3046 ars
822 3009 925 3048 am.
961 2993 1069 3062 III,
1107 2993 1241 3048 335:
1374 3062 1379 3069 .

693 3087 952 3154 dictaque
970 3086 1209 3143 Varroni
1247 3087 1414 3145 fulvis
1452 3087 1697 3159 insignia
1734 3087 1882 3143 villis

777 3182 987 3237 vellera
1018 3198 1334 3251 germanae,
1371 3182 1590 3252 Phrixe,
1629 3183 1908 3250 querenda
1942 3188 2094 3236 tuae.

689 3294 773 3347 ep.
812 3278 928 3333 her.
966 3279 1064 3347 VI,
1101 3278 1199 3333 49:
1238 3280 1384 3335 aries
1421 3279 1552 3336 villo
1590 3278 1912 3350 spectabilis
1950 3294 2133 3334 aureo,

690 3378 821 3428 met.
860 3374 956 3440 VI,
997 3374 1124 3428 720:

694 3467 904 3523 vellera
941 3484 1063 3522 cum
1099 3467 1302 3537 Minyis
1347 3468 1523 3524 nitido
1562 3467 1847 3524 radiantia
1884 3468 2015 3524 villo

692 3579 791 3634 per
841 3578 992 3618 mare
1044 3579 1154 3617 non
1189 3568 1383 3619 notum
1419 3565 1597 3634 prima
1635 3562 1848 3633 petiere
1886 3564 2093 3620 carina.

552 3659 641 3726 11)
679 3657 827 3714 trist.
866 3658 916 3721 I,
959 3658 1044 3725 10,
1084 3659 1179 3712 27:

694 3769 909 3821 quaque
946 3769 1044 3822 per
1082 3757 1354 3824 angustas
1391 3758 1587 3809 vectae
1627 3755 1769 3809 male
1807 3753 2042 3824 virginis
2074 3755 2249 3808 undas

774 3849 972 3903 Seston
1008 3847 1276 3916 Abydena
1313 3854 1538 3916 separat
1575 3848 1711 3903 urbe
1748 3848 1970 3903 fretum.

688 3942 838 3997 trist.
877 3943 983 4011 ΙΠ,
1024 3943 1107 4008 12,
1145 3944 1208 3997 3:

687 4037 1108 4107 impositamque
1162 4036 1267 4093 sibi
1322 4036 1415 4105 qui
1471 4053 1579 4092 non
1639 4039 1776 4093 bene
1831 4037 2066 4107 pertulit
2118 4039 2334 4106 Hellen,

776 4137 1025 4201 tempora
1062 4132 1346 4189 nocturnis
1383 4147 1565 4199 aequa
1601 4131 1799 4187 diurna
1836 4133 1990 4188 facit.

688 4226 819 4280 fast.
858 4227 957 4287 IV,
998 4225 1126 4281 715:

689 4322 756 4376 de
794 4322 931 4375 duce
967 4319 1210 4391 lanigeri
1247 4319 1475 4391 pecoris„
1516 4320 1609 4395 qui
1646 4321 1892 4399 prodidit
1926 4322 2141 4392 Hellen,

763 4417 844 4475 sol
880 4415 1019 4478 abit.
