3259 5042
1368 401 1452 414 ..-
1534 366 1576 433 9
1667 391 1788 415 ..--

1468 546 1627 629 §.a

612 706 819 771 Rece
841 705 1161 771 ntiores
1230 705 1518 791 plerique
1590 706 1992 786 Argonautas
2057 704 2413 771 commercii
2482 723 2672 771 causa

449 811 908 893 expeditionem
972 812 1039 877 in
1095 811 1388 877 Colchida
1456 830 1656 893 usque
1719 811 1946 877 obiisse
2010 810 2494 893 suspicabantur
2535 812 2669 876 sive

450 918 589 983 auri
628 917 782 995 sive,
851 924 926 984 ut
967 918 1047 983 Is.
1094 917 1358 983 Vossius
1386 918 1433 1000 ¹)
1492 918 1752 997 mavult,
1824 919 2247 1000 pretiosarum
2302 918 2559 1000 pellium
2604 923 2673 983 et

451 1026 830 1106 praesertim
872 1025 1321 1091 Zibellinarum
1358 1024 1747 1090 abundantia
1791 1025 2071 1091 allectos.

611 1131 852 1210 Quibus
893 1131 1234 1214 respondet
1275 1133 1356 1196 W
1373 1132 1597 1198 eiche
1612 1138 1791 1198 rtus
1835 1151 1910 1197 ex
1952 1151 2048 1213 eo,
2093 1131 2258 1215 quod
2300 1132 2520 1198 arietis
2558 1150 2670 1212 pa-

448 1239 573 1304 tria
612 1257 736 1303 non
783 1238 1049 1327 ColchiS,
1093 1236 1207 1303 sed
1250 1237 1578 1303 Thessalia
1618 1239 1723 1317 sit,
1771 1238 1952 1320 sequi
1978 1256 2150 1319 opes,
2194 1239 2259 1302 in
2292 1255 2450 1319 quas
2468 1236 2671 1303 vellus

446 1362 710 1410 aureum
750 1344 1117 1426 accipiatur,
1158 1344 1304 1409 hinc
1344 1345 1492 1409 illuc
1534 1363 1675 1409 esse
1717 1345 2063 1410 translatas
2086 1343 2161 1425 2).

611 1453 836 1535 Itaque
903 1452 1041 1534 ipse
1111 1452 1314 1518 vellus
1383 1453 1849 1535 interpretatur
1933 1452 2185 1518 divitias
2201 1504 2217 1531 ,
2300 1452 2669 1534 quibuscum

446 1559 714 1625 Phrixus
757 1558 1247 1626 dissensionibus
1297 1558 1654 1625 domesticis
1711 1564 1967 1624 coactus
2024 1557 2188 1624 clam
2245 1544 2409 1638 navi,
2482 1577 2673 1640 quam

447 1666 621 1730 nisus
661 1665 1043 1731 auctoritate
1072 1666 1512 1731 nonnullorum
1536 1671 1827 1731 veterum
1856 1665 2253 1747 scriptorum,
2296 1682 2438 1729 cum
2479 1665 2671 1730 moris

446 1771 643 1837 fuerit
681 1770 848 1853 apud
891 1771 1170 1837 Graecos
1214 1770 1478 1836 navibus
1518 1771 1770 1835 nomina
1818 1769 2164 1836 bestiarum
2220 1769 2458 1851 indere,
2519 1788 2671 1852 qua—

445 1897 586 1943 rum
628 1878 937 1959 imagines
992 1894 1219 1959 prorae
1272 1879 1402 1943 sint
1439 1877 1785 1960 appositae,
1838 1878 2107 1942 arietem
2145 1876 2505 1958 intelligere
2548 1897 2671 1943 non

447 1982 715 2064 dubitat,
755 1983 823 2048 in
865 1991 1109 2049 terram
1151 1984 1522 2051 Colchorum
1564 1985 1921 2077 confugerit
1939 1985 2015 2068 ⁸).

612 2089 913 2156 Phrixum
958 2096 1172 2157 autem
1227 2089 1309 2156 ab
1351 2093 1556 2157 Aeeta
1596 2090 2007 2157 interfectum
2060 2099 2136 2156 ut
2187 2091 2669 2170 ulciscerentur,

448 2196 549 2263 vel
591 2198 646 2262 si
689 2197 958 2262 alteram
1001 2196 1254 2264 fabulae
1278 2196 1544 2263 formam
1565 2196 1915 2280 praeferas,
1958 2198 2094 2263 eius
2122 2197 2374 2263 divitias
2396 2197 2462 2262 in
2491 2216 2671 2264 sacro

449 2324 705 2371 nemore
749 2304 1068 2388 depositas
1110 2312 1588 2388 recuperarent,
1634 2305 1913 2370 Graecos
1957 2304 2117 2371 duce
2145 2306 2188 2370 J
2188 2323 2379 2371 asone
2409 2324 2445 2370 e
2473 2304 2668 2371 Thes-

448 2412 607 2479 salia
646 2413 710 2477 iu
752 2411 1113 2478 Colchidem
1168 2413 1500 2494 navigasse
1542 2417 1736 2494 atque
1779 2412 2123 2478 incolumes
2162 2430 2279 2478 nec
2323 2432 2394 2479 re
2435 2411 2672 2478 infecta

452 2518 716 2584 rediisse
737 2517 815 2601 4).

613 2624 701 2689 At
763 2623 1064 2689 arbitrari
1125 2624 1339 2704 fugam
1392 2624 1607 2689 Phrixi
1670 2642 1897 2706 reapse
1954 2642 2206 2690 causam
2260 2623 2672 2705 expeditionis

449 2732 959 2812 Argonautarum
1022 2730 1218 2796 fuisse
1273 2731 1453 2796 iuxta
1493 2730 1724 2796 leviter
1764 2736 1866 2796 est
1907 2730 2261 2813 iudicantiS,
2320 2750 2394 2796 ac
2435 2732 2489 2796 si
2531 2733 2672 2814 quis

447 2837 729 2902 Helenae
771 2843 1025 2919 raptum
1069 2856 1285 2903 veram
1325 2837 1476 2902 belli
1517 2837 1771 2903 Troiani
1814 2855 2068 2903 causam
2110 2844 2398 2904 statuere
2439 2839 2614 2905 velit.

613 2943 961 3009 Praeterea
982 2962 1126 3008 cum
1152 2943 1225 3009 Ο.
1249 2935 1557 3008 Muellero
1581 2947 1626 3017 ⁵)
1670 2943 2063 3011 obiciendum
2092 2952 2194 3012 est
2234 2945 2414 3011 initio
2464 2964 2671 3030 neque

448 3050 885 3115 universorum
908 3049 1314 3129 Graecorum,
1360 3050 1473 3116 sed
1502 3052 1687 3118 modo
1717 3053 2070 3135 Minyarum
2100 3053 2267 3119 viros
2296 3054 2672 3120 fortissimos

447 3174 589 3221 esse
630 3156 965 3237 profectoS,
1027 3157 1194 3223 unde
1236 3164 1460 3240 postea
1506 3161 1889 3240 Argonautis
1945 3179 2172 3226 nomen
2225 3165 2369 3226 erat
2419 3161 2671 3243 MinyiS,

446 3280 651 3345 neque
707 3262 1005 3330 Colchida
1067 3265 1346 3345 petiisse,
1418 3284 1605 3348 quam
1669 3285 1870 3348 usque
1934 3265 2017 3332 ad
2077 3267 2327 3332 Eumeli
2390 3273 2671 3333 aetatem

446 3388 633 3434 nemo
675 3376 958 3450 noverat,
1003 3370 1116 3436 sed
1156 3375 1399 3436 terram
1442 3372 1753 3438 incertam
1797 3374 2047 3439 nomine
2085 3374 2308 3440 Aeam.

610 3476 859 3542 Primus
903 3478 1067 3541 viam
1127 3475 1210 3541 ad
1250 3484 1494 3543 rectam
1537 3476 1724 3542 huius
1782 3477 2033 3544 fabulae
2075 3480 2671 3561 interpretationem

444 3582 714 3648 munivit
753 3582 827 3648 Ο.
870 3582 1331 3649 Muellerus
1373 3603 1578 3665 neque
1617 3603 1772 3650 vero
1814 3586 1970 3650 satis
2011 3585 2282 3652 dilucide
2327 3587 2675 3668 disputavit

445 3694 561 3755 aut
600 3708 819 3756 omnes
861 3691 1072 3771 potuit
1114 3690 1411 3771 expedire
1453 3689 1894 3758 difficultates:
2637 3719 2662 3725 ··

591 3911 645 3979 1)
685 3911 756 3967 ad
795 3911 1005 3968 Catuli.
1041 3928 1210 3968 carm.
1246 3913 1448 3984 LXIV,
1489 3915 1539 3969 5.

586 4006 645 4075 2)
679 4006 864 4062 Ueber
899 4008 1083 4077 Apoll.
1122 4008 1297 4064 Rhod.
1333 4026 1462 4080 pag.
1505 4011 1628 4066 115.

586 4101 642 4168 3)
680 4100 813 4157 ibid.
851 4118 985 4173 pag.
1025 4103 1127 4158 121
1168 4120 1249 4172 sq.

584 4194 648 4265 4)
684 4194 817 4252 ibid.
857 4213 988 4267 pag.
1029 4197 1135 4251 123
1171 4213 1304 4268 sqq„
1345 4199 1469 4256 106.

588 4288 642 4360 5)
689 4289 1055 4349 Orchomenos
1093 4295 1207 4349 und
1245 4294 1335 4350 die
1371 4294 1590 4367 Minyer
1628 4315 1736 4356 von
1775 4297 1918 4354 Karl
1956 4298 2175 4356 Otfried
2200 4302 2418 4361 Muller.
2457 4300 2672 4359 Zweite

450 4386 717 4460 Ausgabe
755 4407 865 4449 von
901 4393 965 4449 F.
1006 4394 1097 4450 W.
1134 4395 1533 4454 Schneidewin.
1606 4401 1859 4471 Breslau,
1896 4402 2054 4458 1844.
2091 4420 2223 4476 pag.
2259 4405 2367 4459 253
2405 4411 2464 4462 et
2500 4406 2631 4463 269.·
2674 4379 2689 4426 ⁷·
