3259 5042
977 760 1184 832 Hygin.

513 903 553 961 f.
590 906 636 959 I.
739 904 1009 959 Athamas
1315 901 1469 957 Aeoli
1507 901 1655 957 filius

891 975 1091 1031 habuit
1129 992 1196 1030 ex
1233 975 1446 1029 Nebula
1483 989 1654 1029 uxore

865 1116 1037 1172 filium
1074 1118 1334 1172 Phrixum
1372 1120 1430 1171 et
1481 1114 1654 1173 filiam

511 1192 712 1247 Hellen
784 1230 800 1246 .
839 1231 852 1245 .
894 1232 909 1244 .

507 1547 544 1601 f.
590 1547 669 1603 ΙΙ.

507 1620 636 1688 Ino,
720 1615 911 1672 Cadmi
986 1619 1047 1669 et
1105 1611 1443 1668 Harmoniae
1516 1611 1649 1682 filia,

509 1706 630 1745 cum
669 1688 932 1743 Phrixum
968 1690 1031 1740 et
1077 1684 1276 1739 Hellen
1330 1701 1398 1739 ex
1433 1682 1651 1739 Nebula

506 1768 819 1887 ilxfflezsiicere
857 1826 1155 1892 voluisset,
1191 1824 1319 1880 iniit
1361 1822 1648 1879 consilium

2614 536 2831 639 Ta-

1939 759 2113 828 Myth.
2151 761 2281 817 Vat.
2321 761 2368 830 1,
2408 763 2460 830 1,
2496 760 2582 816 23.

1693 904 1750 969 a)
2037 902 2275 958 Phrixus
2312 909 2372 959 et
2423 905 2585 960 Helle
2622 905 2828 960 fratres

1693 982 1751 1029 et
1790 974 2148 1028 Athamantis
2184 976 2336 1045 regis

1692 1052 1752 1100 et
1788 1045 2069 1114 Nephelae
2321 1062 2328 1071 ’

1868 1116 1970 1171 filii

1688 1189 1935 1245 fuerunt.

1686 1261 1745 1330 b)
1785 1261 1964 1327 Quum
2001 1258 2264 1333 Nephele,
2311 1276 2453 1327 quae
2493 1266 2553 1316 et
2626 1262 2828 1325 Nube&

1687 1332 1905 1388 insania
1958 1331 2144 1386 Liberi
2197 1333 2376 1401 patris
2431 1332 2650 1391 concita
2665 1376 2679 1401 ,
2736 1334 2830 1389 sil·

1688 1421 1813 1460 vam
1849 1407 2072 1473 peteret
2108 1419 2209 1459 nec
2426 1405 2601 1460 larem
2639 1405 2831 1460 mariti

1686 1480 1923 1544 peteret,

1687 1618 1817 1674 filiis
1871 1618 1985 1673 suis
2032 1616 2235 1673 Phrixo
2288 1622 2346 1673 et
2392 1618 2590 1674 Hellae

1689 1690 1959 1745 Athamas
2009 1705 2300 1745 novercam
2336 1691 2552 1745 nomine
2600 1691 2829 1746 Inonem

1689 1761 2031 1831 superduxit,
2369 1777 2510 1829 quae
2545 1763 2827 1817 novercali

1687 1834 1808 1888 odio
1844 1833 2030 1902 pueris
2069 1832 2301 1887 exitium
2345 1833 2686 1888 machinans·

510 1921 631 1959 cum
669 1902 845 1957 totius
883 1896 1105 1969 generis
1143 1895 1410 1951 matronis
1438 1900 1497 1950 et
1522 1911 1648 1950 con·
1684 1910 1967 1960 matronas

508 1974 736 2042 iuravit,
774 1979 840 2027 ut
877 1972 1070 2039 fruges
1108 1968 1166 2023 in
1187 1972 1486 2022 sementem
1509 1982 1647 2034 quas
1683 1976 1925 2047 rogavit,
1964 1983 2029 2031 ut
2066 1977 2343 2031 frumenta
2378 1977 2611 2032 serenda

506 2047 723 2114 darent,
781 2047 1076 2106 torrerent,
1134 2056 1203 2095 ne
1252 2047 1644 2105 nascerentur;

505 2118 591 2173 ita
642 2124 723 2185 ut,
788 2131 909 2170 cum
967 2112 1242 2167 sterilitas
1298 2117 1357 2165 et
1412 2109 1647 2179 penuria

1895 2055 2324 2117 corrumperent.

1685 2119 1805 2185 Quo
1843 2119 1995 2174 facto
2652 2119 2827 2174 fames

504 2190 730 2259 frugum
769 2192 948 2253 esset,
1014 2183 1215 2238 civitas
1262 2187 1386 2237 tota
1438 2181 1648 2250 partim
1684 2191 1880 2246 innata
1920 2197 2021 2247 est,

504 2261 651 2316 fame
688 2258 894 2328 partim
930 2256 1116 2310 morbo
1158 2253 1431 2309 interiret.

504 2334 587 2386 De
626 2348 693 2386 ea
729 2346 791 2385 re
1005 2326 1247 2394 Delphos
1467 2323 1647 2378 mittit

504 2403 847 2458 Athamas
885 2398 1287 2454 satellitem
1308 2400 1321 2463 3
1397 2395 1486 2450 cui
1544 2395 1646 2449 Ino

1245 2466 1544 2536 praecepit,
1581 2472 1647 2520 ut

663 2544 865 2598 falsum
903 2556 1222 2609 responsum
1258 2538 1343 2592 ita
1380 2538 1648 2593 referret:

508 2616 556 2671 si
628 2616 724 2670 Ph
742 2615 970 2668 rixum
1054 2610 1391 2666 immolasset
1464 2610 1501 2663 J
1520 2607 1647 2677 ovi,

506 2686 864 2756 pestilentiae
901 2685 1019 2738 fore
1049 2683 1227 2737 finem.

1001 2825 1157 2893 Quod
1208 2839 1330 2877 cum
1374 2822 1646 2876 Athamas

509 2917 567 2955 se
588 2900 866 2955 facturum
889 2914 1007 2953 esse
1023 2895 1324 2963 abnuisset,
1346 2895 1390 2948 P
1406 2894 1441 2948 h
1453 2908 1482 2946 r
1494 2893 1561 2947 ix
1573 2909 1610 2946 u
1623 2907 1650 2946 s

508 2973 706 3027 ultro
743 2987 817 3025 ac
854 2970 1088 3024 libens
1139 2984 1173 3036 p
1192 2966 1538 3022 ollicetur
1575 2980 1648 3018 se

506 3058 711 3098 unum
767 3041 1144 3096 civitatem
1196 3054 1272 3093 ae
1291 3052 1533 3093 rumna
1570 3035 1650 3090 li-

506 3116 542 3170 b
555 3130 585 3169 e
597 3130 627 3168 r
643 3120 715 3168 at
726 3131 765 3168 u
777 3129 855 3167 ru
869 3130 937 3167 m.
1604 3176 1617 3189 ⁶

506 3186 708 3253 Itaque
762 3200 884 3239 cum
941 3184 1011 3238 ad
1066 3197 1222 3237 aram
1278 3196 1400 3234 cum
1457 3176 1651 3233 infuhs

507 3263 657 3312 esset
730 3256 1018 3324 adductus,
1094 3260 1154 3308 et
1226 3258 1391 3322 pater
1448 3252 1485 3305 J
1487 3264 1645 3332 ovem

508 3326 843 3397 comprecari
880 3327 1053 3382 vellet
1071 3368 1084 3395 ,
1141 3342 1167 3380 s
1180 3343 1213 3380 a
1227 3329 1255 3379 t
1267 3340 1297 3378 e
1312 3325 1333 3378 l
1346 3324 1367 3378 l
1382 3339 1410 3377 e
1427 3340 1452 3377 s
1489 3336 1650 3376 mise-

506 3398 745 3453 ricordia
801 3396 1168 3453 adolescentis
1230 3397 1260 3450 I
1270 3412 1306 3450 n
1321 3412 1358 3449 u
1374 3411 1400 3449 s
1473 3392 1650 3447 Atha-

507 3471 684 3526 manti
794 3469 1171 3527 consilium
1259 3484 1294 3536 p
1312 3463 1664 3521 atefecit.·

507 3542 559 3597 R
577 3559 606 3596 e
619 3558 656 3595 x
692 3541 937 3597 facinore
977 3541 1200 3611 cognito
1226 3554 1454 3595 uxorem
1490 3551 1650 3591 suam

509 3614 628 3668 Ino
692 3619 762 3667 et
816 3612 988 3667 filium
1046 3612 1165 3667 eius
1191 3674 1195 3678 ,
1217 3609 1651 3685 MeliceJten

508 3684 766 3740 Phrixo
803 3684 1003 3740 dedit
1056 3683 1423 3739 necandos,
1500 3679 1650 3745 Quos

510 3771 631 3812 cum
668 3756 740 3810 a'd
779 3753 1107 3825 supplicium
1146 3756 1385 3822 duceret,
1430 3753 1475 3806 L
1493 3751 1513 3805 i
1528 3750 1561 3806 b
1577 3767 1606 3804 e
1622 3765 1652 3803 r

508 3833 670 3896 pater
731 3827 783 3882 ei
840 3827 1136 3898 caliginem
1198 3825 1369 3881 inecit
1419 3829 1478 3878 et
1522 3823 1552 3877 I
1568 3838 1605 3877 n
1619 3837 1651 3875 o

509 3914 666 3954 suam
701 3899 976 3954 nutricem
1016 3915 1046 3954 e
1060 3915 1089 3953 r
1100 3899 1165 3967 ip
1178 3897 1302 3953 uit.

1685 2333 1862 2401 Quum
2132 2335 2205 2389 ad
2254 2334 2563 2404 Apollinem
2614 2334 2826 2389 consul-

1685 2412 1802 2460 tum
1861 2405 2137 2460 civitas
2198 2407 2466 2475 misisset,
2541 2408 2641 2461 Ino
2684 2422 2824 2474 eum,

1928 2477 2021 2545 qui
2057 2477 2254 2532 missus
2290 2478 2416 2547 fuit,
2456 2478 2715 2546 corrupit,
2763 2482 2829 2532 ut

1936 2550 2171 2605 referret
2213 2551 2282 2604 ab
2322 2550 2543 2606 oraculo
2580 2549 2825 2604 dictum:

1684 2618 1887 2673 filios
1924 2620 2097 2674 Nubis
2133 2620 2507 2676 immolandos,

1685 2760 1826 2814 Nam
1864 2766 1922 2816 et
1959 2761 2080 2830 ipsa
2119 2761 2277 2827 dixit,

1685 2847 1779 2887 eos
1851 2833 2130 2888 frumenta
2201 2833 2525 2889 incendisse.
2583 2837 2757 2890 Pater

1685 2904 1886 2959 timens
1939 2905 2126 2973 populi
2185 2905 2453 2961 invidiam
2505 2907 2646 2962 filios
2701 2916 2828 2962 suos

1686 2976 1914 3030 arbitrio
1951 2993 2221 3032 novercae
2260 2978 2549 3033 commisit.

2465 3543 2570 3600 Sed
2608 3543 2830 3600 occulte

1688 3684 1800 3741 illis
1835 3685 2214 3742 remedium
2251 3685 2470 3741 dedit.

1650 3984 1655 4003 ¹
1689 3970 1829 4025 Nam
1865 3969 2198 4025 Phrixum
2248 3969 2440 4026 mortis
2491 3986 2624 4028 suae
2663 3970 2827 4043 igna-

1688 4056 1812 4096 rum
1848 4041 2223 4109 submisit,
2279 4048 2355 4098 ut
2391 4042 2694 4099 arietem
2730 4059 2829 4099 au-

1690 4129 1845 4168 reum
1876 4115 2052 4170 vellus
2075 4114 2372 4169 habentem
2408 4115 2637 4170 adduc
2653 4120 2828 4184 eret3

1690 4184 1785 4252 qui
1820 4187 2119 4241 sunonis
2156 4188 2332 4241 nutu
2367 4186 2697 4256 admonitus,
2762 4192 2829 4243 ut

1691 4272 1813 4313 cum
1868 4273 2053 4314 sorore
2108 4257 2350 4328 fugeret,
2408 4258 2700 4315 confestim
2756 4274 2829 4316 se

1691 4344 1815 4387 cum
1851 4346 1919 4386 ea
1954 4329 2163 4387 morti
2199 4330 2593 4388 subtraxit.
