3259 5042
1485 337 1897 402 ..30-

586 520 927 598 memoret,
999 515 1107 601 qui
1161 515 1391 584 dicitur
1441 536 1672 600 parens
1712 516 2048 601 historiae,
2121 518 2583 585 Herodotus
2624 515 2798 583 Hali-

586 642 989 691 carnasseus:

751 728 1075 812 Athamas,
1124 730 1299 796 Aeoli
1340 731 1522 811 filius,
1592 751 1734 797 cum
1779 732 1971 798 Inone
2014 751 2233 798 necem
2275 731 2507 797 Phrixo
2546 730 2802 797 molitus

587 842 688 902 est
707 836 810 920 ²⁷).
900 837 1101 916 Quem
1142 837 1376 919 eripuit
1414 839 1580 904 aries
1621 857 1749 904 una
1792 857 1932 904 cum
1979 838 2165 903 Helle
2208 856 2440 904 sorore.
2526 837 2701 901 Haec
2735 837 2800 900 in

586 960 763 1008 mare
817 942 1053 1008 decidit
1109 942 1369 1025 eiusque
1423 944 1828 1033 sepulchrum
1894 945 2086 1010 etiam
2138 944 2366 1010 Xerxis
2417 941 2803 1026 temporibus

589 1047 655 1112 in
711 1048 1143 1116 Chersonneso
1200 1050 1673 1116 monstrabatur
1693 1053 1792 1133 2⁸).
1889 1050 2156 1116 Phrixus
2212 1057 2425 1116 autem
2476 1048 2804 1115 incolumis

588 1154 882 1237 pervenit
921 1156 1117 1221 Aeam
1149 1155 1479 1236 Colchidis,
1522 1156 1629 1222 ubi
1650 1157 1934 1239 deposito
1960 1157 2195 1222 vellere
2218 1158 2298 1237 33)
2343 1156 2583 1221 Aeetae
2612 1154 2803 1219 filiam

588 1279 847 1327 uxorem
902 1260 1081 1327 duxit
1136 1281 1335 1345 exque
1390 1282 1466 1328 ea
1517 1264 1738 1346 genuit
1780 1264 2187 1347 Cytissorum.
2274 1263 2530 1328 Interea
2570 1260 2805 1327 Achaei

589 1386 669 1431 ex
729 1367 985 1434 oraculo
1041 1369 1491 1435 Athamantem
1545 1377 1786 1438 terram
1851 1370 2160 1437 lustrandi
2224 1387 2415 1436 causa
2469 1366 2806 1433 mactaturi

591 1477 792 1553 erant,
840 1492 981 1539 cum
1023 1473 1380 1556 Cytissorus
1416 1477 1480 1541 in
1524 1476 1797 1557 patriam
1840 1495 2135 1542 reversus
2157 1494 2300 1541 eum
2323 1479 2526 1541 morte
2555 1473 2802 1539 liberat.

591 1579 816 1662 Itaque
877 1581 941 1645 in
995 1583 1129 1648 eius
1188 1588 1475 1665 posteros
1531 1584 1635 1649 dei
1689 1586 1786 1649 ira
1843 1583 2069 1650 cecidit
2091 1585 2188 1665 ³⁰).
2272 1585 2328 1648 E
2384 1581 2609 1666 quibus
2663 1601 2806 1647 cum

588 1692 745 1753 natu
786 1689 1092 1754 maximus
1133 1689 1370 1755 curiam
1411 1690 1731 1771 introibat,
1778 1689 2079 1756 sacrificio
2117 1686 2575 1768 destinabatur,
2642 1686 2808 1770 quod

589 1791 743 1873 fuga
787 1793 1027 1860 evitare
1069 1796 1275 1878 potuit
1295 1795 1395 1873 ³1).

757 1917 930 1984 Haec
988 1920 1271 2001 quamvis
1314 1920 1578 1988 obscura
1635 1941 1775 1987 cum
1821 1941 1856 1986 e
1900 1922 2077 1987 cultu
2119 1920 2381 1986 deorum
2420 1919 2677 1985 fluxisse
2717 1918 2807 1984 vi-

593 2022 885 2095 deantur,
951 2025 1032 2101 ad
1076 2028 1428 2094 vetustiora
1473 2034 1763 2109 tempora
1802 2027 2156 2110 pertinent,
2215 2045 2402 2109 quam
2445 2044 2607 2108 quae
2651 2024 2810 2106 epici

592 2135 819 2211 poetae
861 2131 1059 2199 libere
1104 2133 1349 2200 variata
1387 2134 1728 2200 memoriae
1769 2133 2201 2217 prodiderunt.

759 2256 1145 2340 Cytisorum,
1211 2260 1423 2325 Phrixi
1466 2259 1662 2326 filium
1680 2311 1695 2339 ,
1766 2260 1933 2341 Eph
1950 2278 2088 2325 oru
2105 2278 2136 2324 s
2202 2258 2501 2339 Cytorum
2544 2255 2810 2335 vocavit,

594 2364 760 2430 unde
804 2368 1148 2448 emporium
1189 2367 1625 2450 Sinopensium
1669 2387 1893 2434 nomen
1939 2367 2222 2433 duxisset
2245 2368 2344 2449 ³²).

758 2491 832 2554 In
914 2490 1253 2558 Diodori
1326 2494 1516 2560 Siculi
1597 2492 1976 2560 bibliotheca
2057 2492 2359 2558 historica
2381 2490 2460 2574 33)
2563 2488 2813 2554 fabulae

592 2599 905 2666 Phrixeae
949 2601 1106 2667 haec
1151 2601 1286 2667 fere
1330 2601 1531 2667 forma
1572 2604 1967 2685 repperitur:

756 2706 1044 2788 PhrixuS,
1088 2708 1489 2775 Athamantis
1531 2709 1715 2791 filius,
1760 2715 2020 2790 propter
2049 2726 2356 2774 novercae
2384 2705 2644 2772 insidias
2669 2721 2812 2768 cum

595 2806 781 2877 Helle
824 2831 1040 2879 sorore
1084 2834 1119 2879 e
1162 2815 1431 2881 Graecia
1475 2815 1657 2897 fugit.
1744 2816 1913 2895 Quos
1957 2834 2097 2881 oum
2142 2834 2220 2880 ex
2258 2814 2519 2880 deorum
2561 2807 2817 2876 consilio

594 2919 762 2984 aries
803 2937 997 2985 aureo
1037 2921 1272 2986 vellere
1314 2922 1573 2988 indutus
1615 2922 1681 2986 in
1707 2923 1917 2988 Asiam
1961 2923 2284 3001 traiceret,
2327 2919 2539 3002 puella
2583 2913 2818 2982 decidit

593 3022 659 3090 in
702 3045 899 3106 mare,
944 3026 1111 3109 quod
1155 3027 1236 3093 ab
1280 3046 1356 3093 ea
1400 3028 1849 3110 Hellespontus
1893 3026 2351 3110 appellabatur,
2394 3027 2664 3092 Phrixus
2707 3045 2819 3092 au-

598 3137 731 3196 tem
753 3132 953 3198 Ponto
994 3141 1295 3215 superato
1336 3135 1400 3199 in
1424 3135 1722 3201 Colchida
1764 3136 2054 3217 pervenit
2082 3134 2287 3217 ibique
2316 3133 2556 3200 oraculi
2576 3153 2817 3199 memor

597 3239 817 3304 arietis
877 3241 1137 3305 mactati
1189 3241 1420 3324 pellem
1472 3242 1538 3306 in
1595 3242 1823 3308 Martis
1874 3241 2085 3307 lucum
2143 3239 2474 3306 dedicavit.
2585 3239 2819 3305 Postea

509 3339 515 3344 ’
600 3345 842 3410 Aeetae
930 3347 1068 3428 regi
1151 3348 1545 3430 praedictum
1632 3355 1732 3414 est
1811 3368 1882 3414 se
1968 3348 2163 3413 vitam
2247 3346 2572 3411 finiturum
2657 3365 2815 3426 esse,

600 3451 655 3517 si
695 3450 979 3517 advenae
1022 3454 1224 3519 vellus
1266 3474 1532 3520 aureum
1573 3455 2001 3522 abstulissent.
2090 3455 2315 3536 Itaque
2346 3472 2470 3535 qua
2507 3446 2648 3517 e'rat
2678 3471 2819 3517 cru·
2890 3448 2900 3455 “

601 3558 885 3640 delitate,
929 3559 1205 3626 advenas
1229 3562 1443 3626 necari
1486 3562 1688 3642 iussit,
1733 3568 1806 3627 ut
1843 3561 1961 3627 hoc
2003 3566 2180 3625 metu
2209 3558 2287 3624 ab
2312 3578 2425 3625 ora
2446 3559 2816 3628 Colchorum

745 3806 840 3877 27)
877 3807 1083 3863 Herod.
1123 3807 1283 3878 (erkl.
1320 3826 1372 3866 v.
1410 3809 1581 3880 stein,
1620 3810 1811 3866 Berlin
1851 3810 2010 3875 1856)
2046 3807 2175 3877 VII,
2218 3807 2334 3862 197.

743 3900 836 3967 28)
875 3901 1004 3971 VH,
1046 3902 1132 3958 58.

746 3994 838 4066 29)
876 3996 1005 4065 VH,
1046 3996 1166 4053 193.

749 4091 841 4159 30)
879 4091 1010 4153 V11.
1047 4092 1168 4148 197.

749 4187 841 4254 31)
880 4186 1107 4256 Ibidem,
1148 4187 1217 4241 cf.
1255 4187 1424 4242 schol.
1466 4187 1645 4256 Apoll.
1683 4186 1859 4242 Rhod.
1896 4186 1973 4254 II,
2012 4186 2134 4240 653.

750 4278 844 4350 32)
882 4280 1063 4336 Strab.
1101 4280 1229 4352 XII,
1268 4281 1320 4346 3,
1361 4279 1443 4336 10.

750 4376 844 4443 33)
883 4375 981 4446 IV,
1018 4375 1106 4432 47.
