3259 5042
1478 382 1893 451 ...m-

587 565 670 634 ad
736 565 902 650 quod
959 563 1433 632 custodiendum
1503 562 2149 653 appropinquantibus
2215 562 2343 629 iam
2410 558 2797 645 Argonautis

589 671 781 738 draco
820 671 1085 754 pervigil
1127 669 1355 736 Martis
1406 670 1680 753 impulsu
1724 670 2021 752 apparuit
2039 669 2143 753 ²⁴).
2227 669 2412 735 Aries
2452 667 2589 749 ipse
2628 666 2799 731 inter

591 782 785 845 astra„
807 778 1145 846 collocatus
1188 782 1290 845 est
1307 778 1411 863 2ὅ).
2185 829 2188 832 ,

845 1047 914 1117 V,
952 1046 1088 1104 6413
2235 1062 2308 1103 an
2347 1043 2558 1102 Martia
2594 1039 2805 1110 templa

1087 1139 1469 1199 intemeranda
1504 1141 1684 1202 minus
1700 1144 1728 1199 i’

846 1230 1008 1301 VIII,
1042 1229 1181 1287 438:
1220 1230 1342 1303 quis
1380 1231 1643 1300 (credidit
1678 1233 1760 1301 te)
1798 1233 1871 1290 ad
1908 1232 2063 1290 saevi
2100 1236 2396 1289 venturum
2432 1227 2643 1314 templa
2680 1225 2806 1281 dra-

2479 1328 2484 1333 ’
2616 1318 2807 1377 conis?

704 1420 798 1491 21)
835 1421 904 1491 V,
943 1421 1078 1479 2292
1938 1426 2002 1477 at
2038 1419 2249 1477 vellera
2283 1418 2486 1476 Martis
2520 1416 2580 1475 in
2614 1415 2812 1472 umbra

1127 1515 1245 1587 ipse
1282 1515 1368 1573 sui
1403 1517 1656 1587 Phryxus
1700 1519 2114 1572 monumentum
2149 1513 2371 1585 insigne
2405 1511 2601 1582 pericli

1126 1611 1386 1682 liquerat,
1423 1610 1647 1668 ardenti
1683 1625 1942 1680 quercum
1978 1611 2264 1685 complexa
2297 1608 2546 1664 metallo.

849 1707 917 1777 V,
957 1706 1086 1762 251:
1137 1711 1204 1763 tu
1256 1722 1470 1779 quoque
1483 1748 1498 1776 ,
1571 1710 1799 1763 sacrata
1867 1705 2108 1765 rutilant
2164 1704 2253 1760 cui
2319 1702 2532 1758 vellera
2588 1714 2813 1770 quercu,

1131 1800 1411 1870 excubias,
1444 1799 1704 1871 Gradive,
1742 1803 1902 1857 tene!

716 1894 811 1968 22)
847 1897 978 1963 VH,
1019 1898 1150 1953 1692
1796 1894 2016 1967 ingenti
2053 1895 2237 1951 solvat
2267 1893 2344 1963 ab
2384 1906 2534 1947 orno.

849 1982 1151 2058 V11,‘535:
1365 1990 1637 2049 caeruleis
1672 1991 2020 2058 squalentem
2053 1988 2286 2046 nexibus
2323 2003 2532 2044 ornum.

855 2086 1017 2156 VIII,
1059 2086 1186 2142 113:
1400 2101 1621 2142 aeream
1663 2085 1913 2155 quamvis
1950 2083 2230 2155 perfertur
2266 2082 2340 2138 ad
2377 2096 2588 2150 ornum,

1210 2181 1364 2237 cuius
1402 2182 1581 2238 adhuc
1615 2178 1846 2237 rutilam
1884 2179 2185 2236 servabant
2219 2177 2448 2237 brachia
2482 2175 2700 2253 pellem.

714 2300 809 2369 23)
845 2299 915 2372 V,
952 2297 1088 2355 2042
1301 2298 1457 2355 dives
1493 2298 1589 2354 ubi
1627 2296 1792 2368 pellis
1827 2298 1998 2354 micet
2034 2298 2245 2354 arbore·
2268 2311 2450 2352 sacra.

858 2378 1022 2465 v11‘1,
1062 2394 1198 2451 1103
1532 2394 1829 2466 aurigerae
1868 2399 2038 2465 caput
2074 2392 2301 2450 arboris.

861 2506 1020 2576 VIII,
1060 2506 1193 2563 1183
1405 2506 1708 2578 longosque
1747 2507 1854 2564 sibi
1890 2511 2123 2579 gestata
2156 2521 2256 2576 per
2293 2520 2467 2561 annos

1213 2601 1505 2671 Phryxeae
1539 2607 1900 2658 monumenta
1934 2601 2108 2673 fugae
2145 2600 2239 2657 vix
2253 2660 2258 2668 ,
2274 2599 2519 2657 reddidit
2553 2597 2702 2654 arbo.

720 2697 813 2768 24)
847 2697 918 2767 V,
953 2695 1089 2752 254:
1127 2695 1221 2754 vix
1261 2712 1344 2767 ea,
1383 2695 1680 2753 Caucaseis
1718 2713 1884 2767 quum
1919 2697 2109 2768 lapsus
2144 2695 2422 2752 montibus
2459 2692 2679 2764 anguis,

976 2800 977 2803 ’
1141 2790 1291 2848 haud
1329 2791 1447 2848 sine
1485 2797 1674 2849 mente
1712 2791 1818 2863 dei,
1866 2791 2030 2862 spiris
2072 2807 2265 2849 nemus
2300 2806 2460 2848 omne
2495 2787 2695 2845 refusis

1148 2888 1438 2960 implicuit.

866 2986 914 3055 Ι,
951 2984 1050 3040 603
1338 2989 1607 3053 tantoque
1646 2982 1776 3039 silet
1810 2998 2063 3053 possessa
2099 2981 2336 3038 dracone

1109 3079 1336 3137 vellera.

864 3176 944 3245 H,
978 3176 1116 3233 3821
1330 3173 1666 3244 vigilemque
1703 3173 1873 3230 alium
1910 3173 2149 3244 spoliare
2184 3174 2493 3229 draconem.

867 3270 941 3340 V,
975 3272 1109 3327 528:
1403 3270 1545 3338 quod
1582 3270 1792 3326 vellera
1828 3254 2025 3340 poscat
2060 3269 2130 3325 ab
2168 3285 2370 3340 angue.

866 3365 999 3434 VII,
1039 3366 1169 3423 165:
1230 3348 1249 3427 ⁶,
1452 3362 1585 3434 quin
1621 3363 1719 3421 illa
1755 3380 1931 3435 sacro,
1969 3381 2075 3436 quo
2111 3365 2277 3435 freta,
2311 3382 2526 3441 ⁴veneno

1183 3460 1341 3517 illum
1378 3460 1553 3516 etiam
1589 3460 1729 3516 totis
1766 3461 2085 3517 adstantem
2114 3461 2368 3517 noctibus
2405 3477 2663 3532 anguem,

1187 3555 1280 3626 qui
1317 3571 1509 3614 nemus
1547 3571 1705 3612 omne
1741 3573 1916 3623 suum,
1954 3556 2154 3626 quique
2181 3572 2350 3612 aurea
2389 3555 2623 3628 (respice
2646 3557 2831 3627 porro)

1188 3651 1401 3709 vellera
1437 3656 1529 3707 tot
1564 3650 1729 3722 spiris
1766 3651 1988 3719 circum,
2023 3656 2113 3708 tot
2150 3651 2407 3708 ductibus
2442 3650 2654 3725 implet,

1192 3747 1378 3803 tollat.

876 3842 1006 3912 VII,
1045 3844 1180 3900 517:
1219 3850 1280 3901 et
1316 3845 1438 3914 quis
1473 3845 1544 3905 ‚in
1577 3845 1769 3902 Aeolio
1805 3851 2033 3902 maneat
2084 3851 2142 3902 te
2177 3845 2383 3903 vellere
2420 3852 2624 3903 custos.

1032 3941 1168 3997 519:
1205 3939 1423 3997 saevior
1457 3941 1679 4011 ingenti
1722 3940 1997 3997 Mavortis
2034 3941 2092 3998 in
2126 3940 2326 3998 arbore
2355 3946 2555 4013 restat,

1223 4035 1403 4105 crede,
1444 4035 1621 4093 labor.

875 4128 1007 4196 VII,
1043 4128 1177 4184 523:
1217 4128 1469 4198 protinus
1505 4129 1783 4187 immensis
1820 4131 2178 4208 recubantem
2201 4130 2545 4190 anfractibus
2577 4148 2832 4205 anguem.

1034 4223 1170 4279 5363
1207 4223 1436 4294 ipsaque
1470 4224 1762 4296 pervigilis
1799 4226 2108 4283 calcantem
2145 4226 2357 4283 lumina
2403 4228 2653 4283 monstri.

873 4314 1033 4388 VIII,
1072 4318 1170 4377 ’153
1207 4319 1490 4393 Phryxeae
1524 4320 1752 4392 pecudis
1790 4320 2053 4380 fidissime
2091 4328 2293 4380 custos·

734 4412 828 4485 25)
864 4414 934 4484 V,
971 4413 1104 4470 228:
1668 4431 1980 4489 magnoque
2015 4417 2162 4475 aries
2199 4417 2463 4488 apparuit
2506 4423 2678 4476 astro.
