3259 5042
1370 345 1789 410 ..29-

642 523 862 592 Vellus
904 524 1156 605 arietis,
1220 543 1408 607 quem
1464 524 1818 592 adduxerat
1874 530 2081 595 mater
2143 525 2428 610 Nephele
2453 531 2533 606 12)
2589 546 2699 594 au-

478 649 660 697 reum
684 631 763 714 13)
810 632 875 697 in
916 632 1124 697 insula
1163 632 1452 698 Phasidis
1495 638 1638 698 erat
1681 633 2054 699 collocatum
2077 635 2176 718 ¹4).

640 737 854 802 Phrixi
901 738 1080 803 uxori
1119 757 1346 804 nomen
1376 746 1517 804 erat
1544 739 1825 804 Eueniae
1857 742 1954 821 1⁵),
2000 759 2036 805 e
2069 741 2245 805 cuius
2287 740 2430 806 filiis
2451 741 2604 822 Argi
2619 742 2698 822 1¹⁵)

476 848 543 909 et
587 843 794 911 Melae
820 844 898 927 ¹⁷)
945 845 1179 910 mentio
1233 844 1325 911 fit.

636 950 782 1016 Jam
821 950 1296 1019 Hellanicus
1337 950 1780 1034 Mytilenaeas,
1824 953 1932 1034 qui
1974 951 2338 1034 Pamphilae
2358 953 2435 1027 1Β)
2484 951 2698 1034 „initio

471 1057 624 1122 belli
665 1056 1185 1140 Peloponnesiaci
1211 1058 1404 1124 fuisse
1433 1058 1707 1141 quinque
1752 1065 1819 1125 et
1859 1059 2189 1139 sexaginta
2227 1077 2425 1123 annos
2471 1060 2695 1123 natus“

474 1161 834 1244 videbatur,
878 1164 943 1228 in
984 1165 1187 1245 primo
1228 1164 1674 1230 Deucalioniae
1731 1163 1892 1231 libro
1950 1182 2209 1230 exorsus
2252 1183 2291 1228 a
2339 1164 2699 1229 Promethei

471 1268 596 1334 filio
639 1270 1040 1353 Deucalione,
1091 1288 1245 1351 rege
1287 1271 1653 1336 Thessaliae
1677 1271 1777 1355 1⁹),
1821 1270 2096 1337 fabulam
2138 1270 2473 1336 Phrixeam
2515 1289 2697 1335 enar-

472 1376 654 1441 ravit.
741 1374 977 1442 Verum
1018 1395 1224 1458 pauca
1264 1377 1621 1459 fragmenta
1665 1382 1949 1443 exstant:

610 1482 944 1548 Athamas
985 1482 1314 1549 habitabat
1355 1482 1576 1549 urbem
1618 1483 2080 1550 Orchomenum
2099 1482 2216 1567 2⁰).'

639 1587 793 1654 Eius
830 1588 1012 1654 liberi
1053 1608 1194 1655 cum
1251 1596 1513 1671 propter
1566 1591 1776 1655 Inonis
1827 1589 2087 1656 insidias
2147 1589 2460 1671 emigrare
2514 1606 2693 1670 coge-

477 1700 719 1776 rentur,
762 1695 948 1761 Helle
993 1696 1182 1778 periit
1223 1694 1305 1761 ad
1344 1697 1625 1779 Pactyen
1656 1700 1757 1779 21).

634 1801 854 1867 Velius
899 1802 1118 1868 arietis
1159 1802 1225 1866 in
1269 1802 1444 1868 Jovis
1485 1802 1723 1883 templo
1767 1801 2120 1882 depositum
2166 1807 2308 1866 erat
2330 1802 2435 1882 22).

634 1909 1116 1989 HerodoruS,
1161 1910 1435 1976 Socratis
1478 1908 1762 1991 aequalis
1782 1910 1884 1990 2³),
1925 1909 1993 1985 ,in
2036 1907 2449 1974 describenda
2492 1910 2690 1989 Argo-

474 2023 814 2080 nautarum
858 2015 1255 2098 expeditione
1296 2034 1419 2080 non
1458 2016 1668 2098 potuit
1710 2034 1834 2081 non
1874 2015 2194 2097 attingere
2220 2014 2474 2096 quidem
2514 2013 2694 2080 fabu-

469 2120 596 2185 lam
662 2121 1013 2189 Phrixeam.
1098 2120 1386 2187 Tradidit
1450 2122 1616 2187 enim
1678 2120 2080 2186 Athamantis
2140 2127 2207 2186 et
2270 2121 2692 2186 Themistonis

469 2226 701 2294 liberos
767 2227 966 2294 fuisse
1029 2227 1456 2309 Schoeneum,
1528 2227 1927 2311 Erythrium,
1999 2227 2371 2306 Leuconem,
2444 2227 2691 2306 Ptoum,

472 2334 760 2402 minimos
803 2342 958 2402 natu
999 2341 1215 2402 autem
1258 2334 1556 2401 Phrixum
1601 2340 1669 2399 et
1714 2334 1943 2400 Hellen
1965 2333 2081 2418 24);
2128 2328 2424 2400 Phrixum
2452 2354 2486 2399 e
2511 2333 2695 2400 Chal-

473 2440 669 2522 ciope,
713 2442 955 2506 Aeetae
996 2440 1152 2522 filia,
1217 2440 1282 2505 in
1334 2440 1800 2506 matrimonium
1854 2448 2116 2522 accepta
2172 2458 2315 2506 cum
2358 2441 2513 2506 alios
2557 2446 2692 2505 tum

468 2547 709 2629 Argum
764 2547 1198 2630 procreavisse
1217 2546 1329 2630 2⁵);
1400 2547 1566 2613 hunc
1622 2546 1921 2613 reducem
1985 2548 2049 2612 in
2108 2565 2217 2613 ore
2269 2547 2451 2613 Ponti
2512 2565 2695 2611 sacra

469 2651 699 2721 fecisse
715 2657 821 2734 2⁶).

637 2760 802 2826 Mira
841 2759 1063 2842 refert,
1105 2779 1248 2827 cum
1270 2758 1605 2825 Phrixeam
1647 2757 1923 2826 fabulam
1965 2759 2289 2826 occasione
2334 2759 2485 2826 data
2528 2778 2690 2824 com-

613 3045 702 3116 12)
743 3049 910 3103 schol.
949 3049 1208 3106 German.
1245 3050 1531 3122 Sangerm.
1570 3068 1624 3120 p.
1666 3051 1785 3120 142,
1825 3051 1911 3107 20.

614 3144 706 3212 13)
741 3144 1027 3200 Eratosth.
1068 3146 1191 3202 Cat.
1228 3146 1382 3216 XIX,
1419 3147 1569 3216 Hyg.
1620 3152 1759 3202 astr.
1799 3147 1875 3215 ΙΙ,
1913 3148 1986 3202 20
2024 3146 2116 3214 (fr.
2154 3146 2260 3216 53).

612 3238 702 3307 14)
742 3240 907 3295 schol.
946 3242 1126 3311 Apoll.
1165 3242 1345 3298 Rhod.
1382 3241 1491 3311 III,
1532 3243 1691 3297 1093.

614 3333 708 3403 15)
744 3335 913 3391 schol.
949 3336 1130 3405 Apoll.
1165 3336 1338 3392 Rhod.
1378 3336 1456 3405 H,
1498 3336 1639 3390 1149
1678 3336 1767 3404 (fr.
1806 3337 1917 3402 54).

612 3430 700 3492 16)
741 3431 906 3485 schol.
946 3431 1127 3500 Apoll.
1164 3432 1341 3486 Rhod.
1376 3432 1422 3499 Ι,
1460 3431 1496 3485 4
1532 3432 1619 3501 (fr.
1661 3432 1768 3501 61).

610 3525 706 3594 17)
743 3525 911 3580 schol.
947 3525 1108 3581 Pina.
1144 3526 1307 3596 Pyth.
1346 3527 1445 3597 Ν,
1474 3514 1590 3581 '220
1630 3526 1718 3594 (fr.
1758 3527 1871 3593 55).

612 3621 705 3687 18)
742 3621 972 3691 GelliuS,
1008 3622 1212 3678 Noctes
1248 3623 1493 3693 Atticae,
1532 3625 1653 3694 XV,
1692 3624 1784 3679 23.

612 3717 701 3786 19)
741 3718 905 3772 schol.
945 3719 1125 3788 Apoll.
1162 3720 1337 3774 Rhod.
1375 3720 1482 3789 III,
1524 3720 1665 3775 1085
1703 3725 1763 3776 et
1804 3722 1941 3776 1086
1981 3720 2071 3784 (fr.
2116 3720 2220 3788 15).

610 3812 702 3884 20)
742 3815 906 3869 schol.
945 3815 1124 3884 Apoll.
1159 3816 1335 3872 Rhod.
1374 3817 1484 3883 111,
1526 3817 1649 3873 265.

610 3907 702 3976 21)
742 3909 909 3964 schol.
947 3911 1126 3979 Apoll.
1164 3912 1343 3967 Rhod.
1377 3912 1452 3981 II,
1496 3913 1647 3967 1144.

611 4003 704 4073 22)
742 4005 912 4061 schol.
948 4006 1130 4075 Apoll.
1168 4007 1343 4062 Rhod.
1382 4007 1460 4075 II,
1499 4008 1624 4063 404.

610 4097 702 4169 23)
741 4099 800 4153 O.
837 4100 1087 4156 Mueller.
1125 4101 1350 4173 Fragm.
1387 4102 1521 4158 hist.
1560 4104 1654 4159 Gr.
1692 4105 1753 4159 II
1787 4120 1921 4174 pag.
1960 4105 2045 4159 27.

610 4192 703 4264 24)
741 4193 906 4249 schol.
946 4196 1124 4264 Apoll.
1161 4196 1338 4251 Rhod.
1374 4197 1451 4265 II,
1492 4198 1634 4253 1144
1672 4199 1761 4267 (fr.
1802 4198 1915 4264 35).

611 4287 705 4356 25)
744 4290 911 4346 schol.
949 4291 1129 4360 Apoll.
1166 4292 1345 4347 Rhod.
1382 4292 1460 4363 H,
1504 4294 1642 4348 1122
1682 4295 1769 4362 (fr.
1809 4296 1919 4366 36).

611 4384 703 4454 26)
743 4385 910 4463 schol.
947 4385 1130 4455 Apoll.
1167 4386 1342 4445 Rhod.
1377 4388 1456 4458 H,
1492 4388 1599 4444 532
1637 4389 1732 4460 (fr.
1768 4389 1883 4459 47).
