3259 5042
1403 367 1821 432 „49-

492 562 620 611 una
680 561 822 610 cum
893 561 1108 610 sorore
1181 543 1391 609 avexit
1454 543 1623 609 aries
1685 561 1884 609 aureo
1960 542 2197 608 vellere
2259 540 2590 624 praeditus
2609 547 2707 620 ¹⁶).

497 651 730 718 Hellen
770 648 1045 734 prodidit
1066 648 1166 733 1⁷).
1250 650 1431 718 Inter
1470 648 1682 718 sidera
1724 649 2069 717 collocatus
2109 656 2210 716 est
2234 650 2331 734 ¹8).

1518 887 1572 971 §-
1615 890 1675 954 3.

652 1066 748 1131 Ex
790 1064 982 1147 epicis
1026 1063 1093 1131 P.
1142 1063 1532 1146 Papinius
1575 1065 1901 1135 Statius
1927 1064 1977 1149 1)
2022 1065 2366 1148 lyricorum
2404 1082 2595 1145 more,
2640 1072 2715 1132 ut

488 1178 784 1240 ornatum
825 1170 1088 1239 afferret
1142 1171 1444 1252 orationi,
1502 1164 1585 1236 'et
1644 1172 1861 1237 Phrixi
1916 1172 1995 1238 ab
2036 1173 2237 1237 ariete
2302 1190 2499 1237 aurea
2541 1172 2709 1254 pelle

489 1286 714 1348 ornato
753 1278 820 1344 in
861 1279 1079 1344 Asiam
1120 1278 1415 1345 translati
1459 1284 1526 1344 et
1568 1278 1787 1345 Helles
1843 1278 1908 1343 in
1951 1296 2128 1343 mare
2171 1278 2251 1343 ab
2295 1297 2372 1343 ea
2432 1279 2708 1344 nomina-

494 1391 631 1453 tum
668 1383 968 1467 delapsae
1012 1383 1430 1468 Neptunoque
1473 1384 1727 1450 iunctae
1771 1385 2094 1451 occasione
2139 1384 2291 1450 data
2325 1385 2708 1454 mentionem

493 1491 706 1556 iniecit
727 1490 799 1570 2).

658 1595 875 1662 Phrixi
914 1601 1124 1663 sortes
1178 1614 1321 1662 cum
1362 1595 1684 1663 veteribus
1726 1598 2235 1681 Argonautarum
2297 1595 2710 1678 expeditionis

490 1722 679 1769 causa
721 1721 861 1769 esse
904 1701 1307 1782 viderentur,
1379 1698 1460 1768 ne
1512 1703 1848 1770 Valerio
1903 1702 2157 1785 quidem
2212 1702 2577 1784 Flacco-⁹³)
2628 1703 2708 1767 si-

488 1808 685 1875 lentio
722 1808 1080 1890 praeterire
1122 1808 1315 1874 licuit.
1403 1809 1579 1888 Quae
1636 1808 1691 1873 is
1735 1814 1802 1874 et
1858 1807 2071 1875 oblata
2126 1807 2449 1873 occasione
2493 1807 2708 1889 attigit

489 1919 556 1979 et
597 1914 919 1996 Orpheum
961 1919 1255 1981 contexte
1298 1915 1680 1980 recitantem
1724 1913 1896 1995 fecit,
1939 1914 2098 1979 haec
2149 1918 2328 1993 sunt:

650 2021 987 2101 Athamas,
1056 2020 1237 2086 Aeoli
1292 2019 1458 2086 filius
1515 2016 1899 2104 Cretheique
1954 2021 2159 2087 frater
2180 2025 2230 2098 4)
2250 2074 2265 2101 ,
2345 2022 2566 2090 habuit
2597 2100 2598 2103 Ἴ
2630 2043 2708 2088 ex

480 2127 775 2210 ‚Nephele
818 2125 940 2193 dea
959 2127 1012 2209 5)
1067 2125 1225 2193 duos
1281 2125 1514 2195 liberos
1568 2127 1870 2193 Phrixum
1930 2134 1997 2194 et
2052 2127 2280 2194 Hellen
2295 2180 2311 2208 ,
2378 2148 2455 2195 ex
2511 2130 2704 2195 Inone

633 2375 723 2442 16)
764 2374 921 2443 VIII,
958 2375 1046 2442 28,
1088 2373 1182 2429 19:
1243 2390 1352 2430 non
1407 2374 1783 2430 Athamanteo
1837 2373 2022 2444 potius
2076 2391 2164 2430 me
2219 2375 2386 2431 mirer
2436 2376 2493 2431 in
2548 2392 2702 2441 auro,

1381 2467 1634 2525 Aeolium
1676 2468 1844 2524 dones
1882 2468 1929 2523 si
1966 2468 2117 2535 mihi,
2155 2469 2363 2538 Phrixi,
2403 2486 2586 2539 pecus

634 2563 723 2631 17)
761 2564 862 2633 IX,
901 2562 987 2634 ⁷1,
1025 2566 1083 2619 7:
1122 2563 1253 2632 quid
1289 2561 1495 2620 meruit
1532 2567 1715 2618 terror
1750 2550 2002 2632 Nemees,
2040 2563 2171 2632 quid
2209 2565 2457 2633 proditor
2493 2566 2700 2634 Helles,

1259 2663 1325 2713 ut
1360 2656 1585 2713 niteant
1621 2656 1756 2712 celsi
1791 2656 1977 2714 lucida
2017 2658 2179 2729 signa
2218 2658 2371 2728 poli?

631 2776 722 2848 18)
758 2776 827 2843 X,
858 2777 952 2845 51,
993 2777 1054 2831 1:
1094 2777 1278 2832 sidera
1319 2775 1431 2833 iam
1482 2775 1686 2845 Tyrius
1723 2775 1947 2831 Phrixei
1983 2776 2213 2845 respicit
2248 2777 2383 2847 agni

826 2864 835 2867 “
1185 2876 1400 2928 taurus.

626 2968 680 3034 1)
721 2967 783 3022 Ρ.
835 2965 1057 3036 Papinii
1112 2966 1283 3022 Statii
1338 2965 1578 3022 Thebais
1634 2972 1693 3022 et
1731 2966 2001 3023 Achilleis
2056 2983 2178 3023 cum
2229 2967 2448 3024 scholiis
2486 2984 2594 3023 rec.
2633 2968 2693 3024 O.

478 3064 729 3121 Mueller.
803 3064 929 3122 vol.
967 3064 1013 3132 1,
1050 3061 1276 3133 Lipsiae
1315 3063 1473 3121 1870.
2283 3046 2287 3049 ’

620 3160 679 3231 2)
717 3159 889 3216 Theb.
926 3159 1005 3228 H,
1042 3159 1178 3214 281:
1393 3158 1575 3215 (lirum
1611 3156 1837 3214 Phrixei
1876 3157 2101 3214 velleris
2139 3175 2350 3214 aurum.

724 3255 895 3311 Theb.
934 3253 1034 3320 VI,
1070 3252 1207 3312 542:
1242 3252 1469 3311 Phrixei
1505 3258 1674 3310 natat
1711 3252 1800 3308 hic
1831 3257 2177 3322 contemptor
2207 3254 2447 3322 ephebus

1245 3362 1516 3417 aequoris.

722 3442 926 3500 Achill.
963 3442 1011 3512 Ι,
1047 3443 1147 3498 23:
1573 3456 1684 3510 qua
1733 3440 1959 3497 condita
1994 3448 2164 3512 ponto

1150 3536 1408 3593 fluctibus
1445 3534 1640 3593 invisis
1675 3535 1787 3592 iam
1824 3536 2020 3593 Nerei's
2056 3537 2295 3607 imperat
2331 3539 2506 3596 Helle.

725 3632 926 3689 Achill.
964 3613 1010 3701 Ϊ,
1047 3633 1148 3689 28:
1574 3630 1797 3688 fervent
1833 3632 2092 3689 coeuntia
2127 3634 2319 3689 Phrixi

1153 3725 1341 3783 litora.

719 3823 918 3880 Achill.
957 3822 1004 3892 1,
1040 3823 1175 3878 409:
1578 3822 1773 3879 Phrixi
1808 3840 1919 3893 qua
1955 3823 2154 3880 semita
2192 3823 2351 3895 iungi

1206 3920 1590 3990 Europamque
1626 3919 1924 3989 Asiamque
1963 3927 2141 3977 vetat.

612 4017 670 4086 3)
706 4015 766 4072 G.
806 4014 1020 4072 Valerii
1052 4015 1241 4071 Flacci
1270 4013 1692 4085 Argonauticon
1727 4013 1896 4069 libros
1934 4019 2059 4069 octo
2099 4016 2184 4070 ed.
2223 4015 2289 4070 N.
2312 4017 2377 4072 E.
2400 4018 2681 4090 Lemaire;

469 4111 701 4168 Parisiis
741 4111 894 4166 1824.

613 4206 677 4276 4)
712 4205 780 4275 V,
817 4205 948 4262 477:
1270 4204 1387 4274 ipse
1423 4213 1647 4275 egomet
1682 4201 1904 4273 proprio
1943 4204 2011 4259 de
2051 4204 2326 4275 sanguine
2361 4206 2584 4278 Phryxi,

962 4320 1158 4375 nempe
1193 4303 1330 4360 mihi
1365 4304 1655 4370 Cretheus„
1692 4301 1954 4358 ambobus
1993 4307 2055 4359 at
2093 4302 2297 4358 Aeolus
2335 4309 2545 4360 auctor.

613 4402 671 4472 5)
708 4401 840 4471 VII,
877 4401 1010 4458 136:
1438 4398 1726 4457 sidereo
1762 4397 1939 4454 nostri
1976 4398 2043 4454 de
2080 4398 2353 4467 sanguine
2388 4400 2610 4470 Phryxi.

2221 4492 2260 4549 4
