3259 5042
1470 288 1892 428 ...8-
2174 311 2180 317 ·

980 542 1191 616 Hygin.
1941 546 2120 616 myth.
2157 548 2288 603 Vat.
2327 544 2375 615 Ι,
2417 547 2466 615 1,
2503 549 2590 604 23.

513 684 556 743 f.
597 685 707 744 ΠΙ.
781 686 1023 802 Phrixus
1055 693 1115 742 et
1151 687 1330 757 Helle,
1698 691 1753 755 a)
1827 689 1904 745 Hi

847 829 1066 886 insania
1113 848 1146 884 a
1183 830 1383 886 Libero
1421 830 1658 901 obiecta,
2145 833 2364 888 insania
2401 831 2589 888 Liberi
2627 830 2832 886 abiecti

515 914 638 957 cum
713 900 770 956 in
845 900 986 957 silva
1063 908 1343 967 errarent,
1697 919 1860 970 quum
1927 903 1985 959 in
2036 904 2176 961 silva
2231 913 2502 975 errarent,

514 973 760 1043 Nephele
797 978 979 1028 mater
1015 974 1246 1043 eo[rum]
1271 974 1311 1044 ¹)
1697 974 1941 1058 Nephele
1979 981 2161 1030 mater
2209 991 2394 1031 eorum

519 1044 724 1100 dicitur
773 1044 990 1100 venisse
1040 1051 1116 1100 et
1148 1045 1383 1103 arietem
1466 1052 1470 1065 '
1697 1044 1903 1101 dicitur
1953 1047 2170 1102 venisse
2208 1054 2266 1102 et
2308 1048 2542 1102 arietem

865 1115 1187 1171 inauratum
2051 1134 2219 1174 aureo
2255 1119 2460 1175 vellere
2509 1117 2838 1188 insignitum

868 1187 1183 1258 adduxisse,
1231 1188 1552 1259 Neptuni
1589 1197 1661 1244 et
2049 1190 2379 1258 exhibuisse,

511 1260 994 1329 Theophanes
1033 1258 1288 1316 filium.

511 1332 580 1388 In
617 1347 778 1400 quem
801 1332 840 1401 ¹)
1317 1337 1480 1387 natos
1695 1331 1753 1387 in
1792 1345 1952 1400 quem
1987 1333 2302 1402 praedictos
2338 1331 2479 1388 filios

512 1492 639 1532 suos
678 1474 974 1530 ascendere
1015 1474 1178 1530 iussit
1215 1479 1275 1529 et
1697 1491 1823 1530 suos
1860 1475 2024 1531 iussit
2062 1477 2358 1532 ascendere
2397 1481 2456 1530 et

586 1546 813 1601 Colchos
1694 1545 1751 1601 in
1791 1548 2018 1602 Colchos

512 1620 588 1674 ad
667 1633 859 1687 regem
928 1619 1165 1673 Aeetam
1252 1617 1393 1673 Solis
1480 1618 1657 1674 filium
1696 1618 1768 1673 ad
1802 1634 1993 1702 regem
2038 1620 2273 1675 Aeetam

510 1689 752 1746 transire
802 1688 988 1757 ibique
1042 1690 1277 1746 arietem
1325 1690 1500 1746 Marti
1695 1690 1938 1745 transire
1973 1689 2158 1758 ibique
2195 1689 2430 1744 arietem

845 1760 1144 1818 immolare.
2029 1760 2329 1816 immolare.

511 1906 619 1975 Qui
658 1921 781 1960 cum
821 1906 1221 1973 ascendissent,
1279 1911 1339 1963 et
1375 1904 1523 1961 aries
1562 1921 1657 1961 eos
1693 1903 1750 1972 b)
1821 1903 2034 1959 Deinde
2071 1920 2237 1972 quum
2263 1902 2431 1959 arieti
2466 1904 2832 1961 adhaerentes

513 1978 572 2033 in
607 1977 843 2048 pelagus
883 1976 1198 2046 detulisset,
1692 1991 1846 2031 mare
1883 1981 2334 2045 supernatarent,

653 2049 815 2104 Helle
1633 2054 1641 2062 ‘
1836 2048 1998 2102 Helle
2648 2046 2837 2118 puella

1368 2121 1435 2175 de
1474 2119 1653 2175 ariete
2596 2119 2655 2175 in
2683 2134 2836 2175 mare

509 2193 737 2261 decidit,
789 2207 858 2248 ex
893 2208 999 2259 quo
1040 2191 1457 2261 Hellespontum
1502 2192 1656 2261 pela-
1694 2189 1902 2245 decidit
1940 2195 1999 2245 et
2035 2206 2232 2247 nomen

509 2282 616 2337 gus
653 2271 741 2320 est
784 2264 1143 2333 appellatum.
1691 2267 1860 2331 ponto
1911 2262 2094 2327 dedit,
2162 2278 2289 2318 nam
2346 2279 2415 2317 ex
2469 2263 2568 2318 illa
2616 2262 2837 2318 Helles-

1388 2333 1656 2389 Phrixum
1693 2339 1894 2402 pontus
1932 2332 2154 2389 dicitur.
2599 2333 2837 2391 Phrixus

511 2415 699 2464 autem
750 2406 979 2461 Colchos
1031 2404 1252 2461 detulit.
1323 2405 1413 2460 Ibi
1692 2405 1765 2459 ad
1802 2405 2029 2463 Colchos
2066 2407 2287 2461 delatus

510 2478 709 2534 matris
744 2479 1060 2547 praeceptis

513 2550 749 2606 arietem
805 2549 1112 2604 immolavit
1693 2546 1927 2602 arietem
1963 2546 2269 2602 immolavit
2307 2552 2365 2603 et

511 2623 816 2706 pellemque
854 2621 972 2675 eius
1022 2620 1339 2675 inauratam
1638 2674 1646 2682 ,
1693 2619 1869 2673 vellus
1907 2634 2136 2674 aureum
2171 2620 2373 2674 Martis

511 2695 570 2750 in
647 2695 853 2762 templo
927 2691 1128 2747 Martis
1200 2688 1416 2758 posuit,
1491 2705 1657 2757 quam
1691 2691 1897 2758 templo
1936 2690 2230 2760 dedicavit,
2267 2692 2412 2759 quod

512 2770 771 2821 servante
811 2765 1047 2819 dracone
1691 2761 1856 2816 draco
1888 2762 2236 2818 custodiebat
2273 2760 2551 2819 insomnis,

511 2981 686 3037 Jason
738 2977 972 3034 Aesonis
1027 2984 1086 3033 et
1136 2977 1446 3032 Alcimedes

509 3052 657 3107 filius

512 3123 717 3178 dicitur
752 3122 999 3191 petiisse.

510 3195 772 3249 Phrixum
811 3200 1000 3249 autem
1045 3194 1225 3249 Aeeta
1262 3192 1439 3248 libens
1691 3193 1869 3247 Aeeta
1924 3206 2022 3247 rex
2074 3190 2338 3247 Phrixum
2392 3190 2570 3246 libens

510 3266 726 3335 recepit
782 3265 1057 3332 filiamque
1108 3265 1440 3333 Chalciopen
1498 3264 1653 3319 dedit
1689 3263 1899 3332 recepit
1935 3263 2213 3331 filiamque
2605 3278 2836 3318 uxorem

511 3338 565 3393 ei
601 3353 843 3393 uxorem.
917 3336 1072 3403 Quae
1111 3342 1307 3405 postea
1689 3334 1857 3389 dedit.
2447 3333 2524 3388 Et
2559 3350 2728 3402 quum
2765 3351 2836 3390 ex

510 3409 713 3465 liberos
752 3425 819 3463 ex
861 3423 924 3462 eo
963 3407 1295 3477 procreavit.
1369 3409 1475 3464 Sed
1687 3421 1756 3461 ea
1805 3405 2006 3461 liberos
2054 3405 2375 3476 accepisset,

511 3481 726 3538 veritus
764 3486 850 3534 est
889 3481 1086 3547 Aeeta,
1687 3477 1901 3533 veritus
2025 3479 2225 3548 Aeeta,

510 3568 580 3607 ne
617 3568 677 3606 se
783 3567 954 3621 regno
991 3550 1252 3620 eicerent,
1687 3564 1757 3605 ne
1815 3564 1874 3604 se
1929 3566 1964 3605 a
2024 3565 2198 3619 regno
2237 3548 2497 3616 deiceret,

510 3625 653 3691 quod
704 3622 758 3677 ei
806 3638 1126 3692 responsum
1174 3623 1285 3678 fuit
1688 3621 1833 3688 quod
1888 3621 1940 3677 ei
1994 3637 2313 3691 responsum
2367 3637 2402 3676 a
2457 3619 2575 3676 deis
2627 3621 2833 3689 fuerat,

511 3710 580 3750 ex
626 3694 912 3765 prodigiis,
1581 3695 1652 3750 ab
2761 3694 2833 3748 ab

510 3767 760 3824 advenae
796 3766 909 3821 filio
931 3767 974 3837 ¹)
1691 3764 1938 3820 advenae
1974 3762 2240 3835 progenie

1150 3843 1382 3894 mortem
1409 3843 1652 3895 caveret.
2317 3842 2551 3894 mortem
2586 3841 2832 3905 caveret,

582 4055 637 4120 1)
673 4053 768 4109 Ita
803 4054 876 4110 M.
914 4054 1250 4141 Schmidtius
1287 4071 1340 4124 p.
1379 4057 1467 4112 39.

579 4126 636 4196 2)
674 4125 868 4181 Lectio
907 4128 1152 4200 genuina
1187 4127 1323 4182 mihi
1360 4144 1478 4184 esse
1497 4127 1649 4185 vide-

507 4203 633 4255 tur:
693 4199 795 4265 „ab
832 4199 1065 4283 advena,
1117 4198 1278 4256 Aeoli
1313 4200 1646 4270 progenie“;

508 4269 657 4341 apud
712 4269 996 4341 Hyginum
1049 4270 1257 4328 excidit
1317 4271 1643 4356 „progenie“

508 4343 657 4413 apud
709 4342 883 4411 Myth.
943 4346 1076 4401 Vat.
1114 4345 1145 4399 I
1207 4343 1457 4412 „Aeoli¹¹;
1518 4342 1648 4398 reli·

508 4435 617 4489 qua
652 4425 717 4472 ut
754 4431 975 4473 sensum
1011 4419 1360 4487 praeberent,
1415 4431 1648 4472 commu-

504 4499 634 4550 tata
672 4494 821 4546 sunt.
