3259 5042
1456 323 1870 391 ...40-

606 536 610 544 -
670 504 836 564 Mich.
872 506 1067 577 Apost.
1494 507 1835 578 Philosteph.
2218 525 2340 581 arg.
2371 509 2555 581 Apoll.
2591 510 2697 567 Rh.

495 644 591 702 διὰ
667 647 796 710 τούς
869 649 1078 710 παῖδας
1141 667 1242 703 πε·-
1288 656 1671 705 συντεθέντων
1752 646 1865 705 ὕπὸ
1943 653 2040 721 τῆς

491 724 704 789 ποίηκε·
765 723 1113 809 προσαχθεις
1150 741 1252 774 ουν
1283 719 1489 786 Ἰνοῦς,
1578 721 1658 794 μδ,
1728 727 2038 812 φείσασθαι
2143 738 2146 741 ’

494 795 945 882 στεφανηφορῶν
1027 799 1099 846 ἑνὶ
1172 797 1249 865 τῷ
1281 795 1422 866 μηδὲ
1444 797 1554 849 τῶν
1590 798 1648 856 ἐξ
1673 814 1850 865 αυτης
1872 810 2034 881 γενο-

491 861 661 950 βώμῳ
698 868 797 916 τοῦ
831 863 969 924 Διὸς
1022 880 1242 935 σφαγη-
1280 871 1469 952 μένων
1496 863 1898 955 αὖτῷπαίδων,
1921 864 2037 919 ἀλλ’

488 935 728 1005 σόμενος
776 932 886 989 ὑπὸ
916 932 1246 1008 ’Ἡρακλέους
1282 935 1564 1013 αὐτοχειρὶ
1585 941 1693 1009 μὲν
1714 935 2040 992 ἀποκτεῖναι

488 1011 779 1060 σέσωσται.
1279 1014 1579 1099 Λέαρχον,
1638 1009 1921 1071 ἐπιδιῶξαι
1980 1009 2037 1062 δὲ

1275 1079 1422 1168 μετὰ
1498 1085 1696 1169 ξίφους
1766 1083 1860 1135 καὶ
1933 1077 2037 1147 τὴν

1276 1149 1417 1206 Ἰνώ.
1475 1150 1578 1222 τὴν
1633 1154 1693 1206 δὲ
1747 1154 2032 1224 καταλαμ-

1275 1230 1593 1311 βανομένην
1620 1229 1900 1311 σωτηρίαν
1911 1232 2030 1277 ἔπι-

1276 1293 1630 1358 σπάσασθαι,
1671 1293 1779 1350 συν
1810 1300 1887 1367 τῷ
1922 1298 2034 1349 υἱεῖ

1276 1363 1533 1455 ῥίψασαν
1566 1365 1771 1438 ἑαυτὴν
1815 1385 1863 1420 ει
1844 1373 1894 1429 ῖς
1930 1364 2034 1437 τὴν

1272 1437 1584 1494 θάλασσαν.

1571 1881 1731 1965 §.4

710 2044 950 2111 Fabula
992 2045 1280 2127 Phrixea,
1324 2045 1390 2110 in
1434 2062 1558 2128 qua
1599 2063 1743 2111 cum
1787 2045 1945 2126 epici
1993 2043 2296 2129 lyricique
2350 2049 2576 2129 poetae
2620 2050 2757 2130 tum

544 2150 823 2218 historici
897 2171 969 2218 ac
1036 2151 1480 2234 mythographi
1549 2151 1964 2218 libentissime
2027 2151 2477 2234 versabantur,
2562 2154 2754 2221 etiam

542 2257 1011 2337 tragoediarum
1054 2256 1462 2339 scriptoribus
1503 2263 1882 2337 argumenta
1924 2257 2232 2338 praebuit.

706 2365 790 2432 Et
830 2366 953 2432 huc
996 2365 1247 2449 quidem
1290 2370 1583 2446 spectant
1611 2363 1931 2447 Sophoclis
1959 2363 2266 2492 Athamas
2287 2362 2348 2429 α’
2375 2370 2443 2430 et
2462 2364 2749 2444 Phrixus,

540 2471 857 2553 Euripidis
898 2472 1168 2537 Phrixus
1211 2473 1269 2536 α’
1322 2477 1389 2537 et
1426 2469 1506 2555 β’.

704 2576 1029 2658 Sophoclei
1088 2560 1489 2643 Athamantis
1541 2580 1983 2654 argumentum
2041 2576 2227 2641 Mich.
2284 2578 2642 2659 Apostolius
2684 2584 2751 2644 et

539 2701 626 2747 ex
665 2687 849 2763 parte
893 2683 1233 2749 scholiasta
1277 2681 1734 2765 Aristophanis,
1781 2686 1857 2745 ut
1899 2681 2018 2762 ipsi
2059 2682 2456 2763 profitentur,
2504 2702 2750 2749 conser-

415 2841 419 2845 .
537 2794 849 2854 vaverunt
870 2793 937 2867 ¹).
2060 2786 2066 2793 ’

518 2964 526 2975 ,Q
703 2895 985 2982 Nephele
1027 2893 1252 2960 abacta
1295 2913 1437 2960 cum
1480 2894 1787 2959 Athamas
1830 2895 2082 2960 mortali
2126 2895 2372 2960 mulieri
2418 2916 2487 2961 se
2517 2897 2748 2962 iunxis-

537 3008 654 3081 set,
726 3008 966 3068 terram
1027 3001 1312 3067 siccitate
1374 3000 1685 3066 multavit.
1773 3000 2030 3080 Legatis
2078 3000 2157 3065 ob
2216 3020 2353 3066 eam
2402 3022 2535 3067 rem
2602 3002 2747 3068 Del-

534 3108 693 3189 phos
734 3109 938 3175 missis
981 3108 1150 3188 regis
1190 3094 1349 3172 uxor
1388 3107 1722 3189 persuasit,
1761 3110 1853 3185 ut,
1910 3106 2031 3171 nisi
2073 3107 2378 3172 Athamas
2433 3109 2748 3190 Nepheles

534 3213 764 3280 liberos
848 3213 1354 3292 sacrificavisset,
1454 3212 1724 3277 siccitati
1802 3231 1927 3277 non
1967 3211 2140 3305 ‚fore
2208 3211 2395 3278 finem
2458 3213 2746 3296 Pythiam

418 3406 419 3413 ἵ
533 3320 929 3402 respondisse
956 3319 1292 3386 referrent.
1380 3320 1475 3384 De
1525 3337 1646 3401 quo
1695 3319 1972 3401 periculo
2013 3337 2129 3400 per
2171 3320 2437 3384 arietem
2477 3321 2747 3385 humana

530 3445 683 3492 voce
739 3433 1027 3492 utentem
1082 3428 1385 3493 certiores
1440 3425 1591 3491 facti
1634 3424 1903 3490 Phrixus
1968 3431 2036 3491 et
2098 3425 2283 3489 Helle
2350 3425 2745 3507 aufugerunt,

531 3552 796 3616 quorum
863 3533 1019 3600 haec
1092 3533 1284 3616 periit
1304 3585 1319 3612 ,
1381 3532 1490 3598 ille
1557 3533 1623 3597 in
1691 3532 2061 3599 Colchorum
2135 3539 2370 3598 terram
2441 3534 2743 3614 pervenit.

533 3641 837 3707 Athamas
878 3661 1029 3708 vero
1085 3641 1370 3723 Nephele
1412 3638 1752 3706 liberorum
1811 3641 2119 3705 rationem
2189 3647 2556 3722 reposcente
2623 3640 2747 3705 iam

531 3746 744 3814 stabat
768 3747 869 3812 'ad
913 3765 1088 3812 aram
1129 3732 1325 3824 Jovis,
1395 3752 1470 3812 ut
1510 3751 1921 3825 mactaretur,
1994 3764 2136 3811 cum
2178 3746 2486 3813 Hercules
2528 3765 2746 3828 super-

508 3853 708 3925 ‚venit
748 3871 1090 3938 regemque
1135 3859 1338 3919 morte
1381 3851 1691 3919 liberavit.
1751 3942 1756 3949 .

681 4057 733 4111 ll
771 4057 844 4112 M.
884 4059 1076 4126 Apost.
1117 4058 1219 4124 XI,
1258 4056 1329 4111 58
1365 4056 1410 4110 L
1463 4055 1644 4126 (XIII,
1681 4057 1753 4113 46
1789 4057 1856 4126 P)
1903 4063 1963 4114 et
1999 4056 2165 4113 schol.
2202 4058 2299 4114 Ar.
2335 4055 2479 4113 Nub.
2518 4074 2567 4114 v.
2606 4057 2742 4126 2583

530 4150 678 4207 Suid.
717 4168 760 4206 a.
802 4169 851 4206 v.
887 4147 1170 4223 Αθάμαςς
1227 4152 1295 4206 cf.
1334 4151 1396 4205 F.
1436 4151 1502 4206 G.
1539 4151 1819 4221 Welcker,
1877 4151 1967 4208 die
2006 4151 2386 4223 griechischen
2421 4151 2744 4222 Tragodien

529 4246 634 4301 mit
679 4245 985 4301 Rucksicht
1041 4245 1143 4301 auf
1193 4246 1300 4302 den
1347 4245 1606 4316 epischen
1663 4245 1867 4315 Cyklus
1922 4246 2223 4345 geordnet3
2288 4245 2446 4303 Bonn
2485 4242 2650 4318 1839;
2715 4247 2744 4303 I

527 4357 585 4417 p.
620 4341 918 4399 ais-323.

2787 4998 2798 5001 ,
2917 4938 3136 5001 mm„
3185 4998 3188 4999 γ
