3259 5042
1360 353 1776 419 ...25-

552 528 557 534 '
615 528 1189 611 CallimachuS,
1231 530 1342 612 qui
1382 529 1552 594 circa
1590 547 1827 594 annum
1867 529 1996 594 250
2035 546 2095 593 a.
2140 526 2254 594 ch.
2297 547 2360 592 n.
2389 530 2465 602 ¹²)
2522 526 2671 594 Ale-

449 636 754 702 xandriae
795 642 1058 720 propter
1100 636 1380 703 studium
1420 655 1564 702 cum
1619 635 1954 701 literarum
1994 640 2133 700 tum
2178 635 2388 716 poesis
2426 653 2673 700 summa

446 743 637 809 hude
676 742 963 822 florebat,
1006 761 1263 809 carmen
1304 742 1506 808 edidit
1545 747 1850 824 quattuor
1889 741 2210 820 librorum,
2248 742 2419 824 quod
2450 741 2671 807 inscri-

447 849 719 916 bebatur
763 850 989 916 Αἴτια.
1076 851 1133 915 Ε
1187 849 1366 915 cuius
1409 848 1786 930 fragmentis
1840 865 2037 913 unum
2076 847 2160 913 ad
2201 848 2434 914 Hellen
2474 851 2672 931 perti-

447 961 561 1022 net
583 958 685 1037 ¹³).
745 956 927 1034 Quod
966 975 1110 1023 cum
1153 958 1346 1022 etiam
1384 956 1453 1020 in
1496 956 1590 1020 eis
1629 955 1762 1036 legi
1803 956 2102 1036 potuerit,
2144 972 2309 1037 quae
2350 954 2430 1019 de
2472 957 2673 1037 Argo-

446 1063 661 1128 nautis
716 1061 1186 1141 referebantur,
1258 1063 1468 1128 nescio
1525 1080 1612 1126 an
1674 1060 1952 1126 fabulam
2008 1060 2345 1126 Phrixeam
2413 1080 2672 1143 prorsus

447 1171 803 1251 neglexerit
846 1171 957 1234 ille
999 1171 1379 1252 Cyrenaeus

614 1278 704 1341 At
741 1276 912 1342 alter
932 1277 1296 1358 Cyrenaeus
1336 1277 1401 1341 in
1445 1294 1524 1340 ea
1563 1282 1858 1342 versatus
1900 1282 2003 1340 est
2043 1276 2669 1357 EratostheneS,

452 1389 524 1449 et
559 1386 696 1466 ipse
748 1383 1038 1450 doctrina
1090 1385 1355 1465 insignis
1412 1390 1607 1465 atque
1655 1382 1907 1464 poetica
1958 1382 2148 1448 laude
2172 1383 2271 1466 ¹⁴).
2358 1383 2487 1450 Sub
2535 1385 2672 1449 eius

454 1491 700 1555 nomine
741 1488 951 1554 fertur
990 1489 1481 1571 inscribiturque
1522 1495 2072 1577 Καταστερισμοί
2103 1489 2375 1570 libellus,
2424 1490 2506 1555 de
2547 1510 2673 1573 quo

456 1615 614 1678 quac
654 1597 775 1661 viri
813 1595 981 1662 docti
1022 1602 1381 1675 senserunt,
1429 1595 1612 1661 valde
1655 1595 2034 1678 discrepant.
2116 1597 2569 1679 Bernhardyus
2588 1597 2669 1680 ¹⁵)

454 1702 721 1785 quidem,
762 1704 865 1768 cui
906 1704 1432 1770 Westermannus
1455 1702 1534 1788 l⁴⁵)
1579 1703 1948 1784 assentitur,
1990 1702 2226 1784 Hygini
2251 1704 2672 1769 astronomiae

452 1809 938 1875 Catasterismos
966 1810 1273 1891 originem
1305 1809 1541 1874 debere
1568 1809 1898 1891 opinatur;
1938 1809 2287 1875 Bursianus
2309 1809 2391 1893 ¹⁷)
2436 1816 2673 1890 autem,

450 1934 594 1981 cum
649 1914 970 1997 Hyginum
1021 1916 1508 1982 Catasterismos
1560 1916 1758 1981 latine
1825 1916 2096 1980 vertisse
2152 1923 2457 1996 argueret
2471 1967 2488 1995 ,
2558 1915 2674 1982 hos

451 2022 736 2104 quamvis
776 2023 1038 2088 mutilos
1080 2024 1275 2103 ipsius
1317 2023 1764 2088 Eratosthenis
1807 2040 1947 2087 esse
1989 2021 2360 2088 arbitratur.
2434 2024 2672 2089 Verum

451 2146 577 2209 qua
636 2134 740 2193 est
791 2129 1099 2195 sermonis
1156 2130 1401 2194 vilitate
1455 2129 1619 2194 liber
1682 2129 1994 2209 GraecuS,
2063 2129 2381 2195 Robertus
2405 2133 2517 2210 18),
2591 2131 2674 2196 ad

450 2234 859 2299 Valckenarii
886 2237 961 2317 ¹⁹)
1018 2235 1608 2317 Hemsterhusiique
1626 2236 1709 2315 ²⁰)
1768 2236 2123 2318 opinionem
2159 2255 2477 2315 reversuS,
2539 2256 2679 2302 rem

451 2341 546 2405 ita
589 2341 904 2422 explicare
946 2342 1166 2407 studet
1180 2393 1197 2422 ,
1260 2349 1336 2406 ut
1390 2342 1883 2407 Eratosthenem
1926 2361 2118 2424 prosa
2155 2343 2443 2408 oratione
2485 2342 2677 2408 Cata-

453 2448 631 2528 logos
672 2449 1017 2530 scripsisse,
1082 2449 1570 2514 Catasterismos
1610 2449 1838 2514 horum
1879 2448 2315 2530 compendium
2354 2449 2551 2515 fuisse
2593 2450 2674 2515 ab

455 2553 704 2635 Hygino
746 2554 1072 2635 expilatoS,
1115 2553 1387 2636 indeque
1432 2554 1772 2636 epitomen,
1815 2573 2007 2637 quam
2046 2574 2162 2621 nos
2201 2554 2527 2635 habemus,
2567 2574 2679 2621 na-

456 2664 591 2723 tam
634 2676 777 2723 esse
819 2664 1084 2725 statuat.

622 2763 710 2829 At
754 2766 1199 2847 grammaticos
1238 2767 1524 2832 oratione
1566 2768 1778 2833 soluta
1819 2786 1903 2832 an
1945 2769 2225 2833 numeris
2263 2770 2532 2836 astricta
2546 2822 2562 2847 ,
2606 2776 2681 2836 ut

459 2877 894 2952 excerperent,
936 2879 1311 2954 provocatos
1340 2891 1480 2937 esse
1507 2872 1895 2953 probabilius
1922 2876 2068 2939 est?
2132 2874 2343 2952 Quare
2386 2875 2680 2958 equidem

454 3060 739 3139 μητρυιὰν
774 3070 1119 3138 ἐρασθεῖσαν
1155 3061 1331 3118 αὐτοῦ
1366 3081 1476 3119 11011
1511 3065 1585 3119 ad
1622 3063 1927 3120 Pindarum
1961 3066 2270 3136 referenda,
2322 3067 2418 3121 sed
2454 3066 2680 3122 aliunde

453 3158 661 3212 hausta
697 3165 799 3213 aut
834 3158 1063 3214 confusa
1100 3166 1248 3215 sunt.

601 3255 691 3320 12)
727 3255 889 3323 Alph.
928 3255 1168 3322 Hecker,
1220 3256 1756 3311 Commentationum
1793 3255 2289 3311 Callimachearnm
2327 3256 2516 3325 capita
2554 3255 2678 3328 duo,

455 3347 710 3417 Groning
768 3348 931 3415 18423
968 3365 1101 3419 pag.
1142 3351 1224 3404 18.

602 3444 951 3512 Bernhardy,
989 3445 1154 3502 Grdr.
1195 3445 1248 3500 d.
1286 3461 1371 3514 gr.
1410 3445 1525 3500 Lit.
1564 3446 1643 3515 H,
1681 3447 1716 3500 2
1751 3462 1884 3516 pag.
1922 3446 2029 3501 726
2065 3461 2142 3514 sal.

604 3536 696 3606 13)
733 3538 901 3592 schol.
940 3539 1098 3592 Hom.
1137 3539 1203 3592 Il.
1242 3539 1343 3608 IX,
1383 3541 1515 3594 193:
1576 3536 1822 3613 Τάμμεω
1855 3541 2187 3615 θυγατέρος.

604 3632 695 3702 14)
732 3635 915 3690 Strab.
951 3636 1133 3705 XVII,
1172 3638 1224 3704 3,
1262 3636 1351 3690 22.

606 3728 696 3797 15)
734 3729 1166 3784 Eratosthenica
1235 3746 1411 3801 comp.
1475 3730 1696 3785 Godofr.
1765 3732 2092 3801 Bernhardy
2108 3776 2122 3802 ‚
2195 3732 2443 3788 Berolini
2516 3735 2681 3804 18223

458 3840 587 3894 pag.
632 3824 751 3877 129.

606 3919 697 3982 16)
738 3924 1086 3992 Μυθογραφ.
1126 3919 1301 3989 praef.
1340 3935 1472 3989 pag.
1509 3920 1612 3976 IX.

605 4014 696 4082 17)
733 4013 887 4069 Neue
923 4015 962 4069 J
963 4015 1272 4069 ahrbiicher
1306 4014 1399 4068 fiir
1429 4014 1739 4085 Philologie
1759 4031 1815 4070 u.
1834 4016 2184 4088 Padagogik,
2220 4019 2684 4091 herausgegeben

457 4126 514 4166 v.
549 4110 876 4165 Fleckeisen
911 4125 968 4163 u.
1004 4108 1233 4178 MasiuS,
1273 4110 1442 4178 1866;
1480 4127 1610 4180 pag.
1652 4111 1776 4166 765.

603 4204 695 4270 18)
732 4204 1024 4259 Eratosth.
1070 4204 1286 4258 Gatast.
1326 4204 1487 4272 reliq.
1523 4221 1658 4276 pag.
1696 4205 1784 4259 34.

603 4300 695 4367 19)
737 4299 934 4369 Opusc.
969 4300 1048 4356 H.
1084 4315 1215 4369 pag.
1254 4299 1340 4354 69.

602 4395 694 4466 20)
734 4395 808 4449 ad
844 4394 1076 4450 Lucian.
1114 4410 1247 4467 pag.
1284 4396 1409 4450 311.
