3259 5042
1513 330 1918 395 ...26-

613 525 654 573 a
692 504 1104 588 Bernhardyo
1125 506 1209 589 21)
1252 510 1426 573 stare
1467 506 1683 572 malim
1731 511 1873 572 rato
1914 505 2404 575 Eratosthenem
2442 505 2507 570 in
2550 503 2827 571 carmine

613 612 931 708 Mercurii,
977 630 1119 679 cum
1163 611 1244 678 ab
1286 611 1422 677 eius
1468 611 1572 677 dei
1611 611 1887 692 pueritia
1925 611 2173 677 initium
2214 618 2516 690 sumeret,
2561 609 2827 691 fabulas,

613 739 774 803 quae
818 720 899 786 ad
927 722 1150 787 stellas
1179 705 1522 802 pertinent,
1568 737 1924 787 enarrasse.
2014 720 2296 786 Hillerus
2317 723 2399 803 22)
2441 721 2598 801 ipse,
2644 738 2831 802 quem

612 828 927 895 Robertus
970 834 1303 910 tantopere
1345 826 1583 905 laudat,
1652 825 2152 907 Bernhardyum,
2196 826 2486 907 quoniam
2531 826 2834 890 caelestia

611 937 921 1019 quaedam
959 937 1025 1001 in
1065 936 1173 1001 illo
1221 935 1497 1000 carmine
1541 934 1828 1016 exposita
1872 940 2073 1013 erant,
2118 952 2259 999 cum
2305 935 2513 1015 specie
2536 928 2830 1015 quadam

608 1041 1074 1125 probabilitatis
1116 1041 1472 1122 disputasse
1519 1040 1827 1120 concedit,
1869 1059 2072 1122 neque
2115 1058 2265 1106 vero
2288 1042 2668 1105 sententiam
2699 1040 2833 1105 eius

611 1149 936 1232 amplexus
979 1154 1099 1221 est,
1141 1148 1288 1230 quia
1327 1147 1604 1212 alterum
1647 1146 1876 1212 librum
1912 1140 2372 1226 Eratosthenis,
2419 1166 2542 1228 quo
2580 1145 2831 1211 fabulae

610 1254 693 1323 ad
736 1254 946 1319 sidera
988 1257 1349 1335 spectantes
1393 1251 1892 1331 continebantur,
1941 1252 2260 1318 exstitisse
2302 1252 2603 1319 traditur.

776 1365 863 1426 At
902 1361 958 1426 si
998 1360 1128 1426 ludi
1167 1361 1418 1443 quidam
1461 1362 1766 1443 magister
1808 1362 2098 1443 neglecto
2136 1361 2378 1444 reliquo
2408 1367 2638 1427 ornatu
2666 1361 2832 1426 solas

586 1467 940 1539 stellarum
985 1466 1229 1534 fabulas
1267 1468 1335 1533 in
1375 1486 1558 1534 usum
1600 1468 1957 1533 scholarum
2000 1469 2334 1549 excerpsit,
2392 1487 2600 1534 nonne
2643 1468 2831 1533 huius

608 1576 861 1657 generis
882 1613 883 1616 =
902 1593 1077 1656 opuS,
1120 1593 1243 1657 quo
1285 1593 1446 1657 quae
1476 1574 1932 1641 Eratosthenes
1972 1574 2052 1640 de
2095 1575 2287 1641 rebus
2329 1575 2830 1657 animalibusque

606 1680 776 1747 inter
829 1682 1043 1747 sidera
1103 1682 1464 1748 constitutis
1520 1688 1891 1764 persecutus
1950 1688 2049 1748 est
2065 1733 2081 1763 ‚
2144 1681 2608 1761 referebantur,
2680 1699 2831 1747 usus

606 1788 901 1871 loquendi
946 1788 1416 1869 consuetudine,
1461 1808 1651 1872 quam
1694 1789 1897 1854 adhuc
1940 1794 2248 1868 tenemus,
2318 1794 2566 1855 remota
2604 1788 2827 1854 fraude

605 1895 1046 1961 Eratosthenis
1103 1895 1592 1962 Catasterismos
1647 1895 1858 1961 dicere
1913 1895 2167 1978 potuit?
2255 1894 2436 1960 Hanc
2477 1900 2691 1959 autem
2734 1894 2828 1958 in-

604 2000 1009 2082 scriptionem
1050 2020 1352 2082 perverse
1372 2002 1778 2083 interpretati
1809 2002 2230 2083 posteriorum
2249 2006 2605 2082 temporum
2630 1999 2829 2081 scrip-

605 2111 779 2173 tores
820 2107 899 2173 ab
937 2109 1072 2190 ipso
1114 2108 1538 2174 Eratosthene
1583 2108 2071 2174 Catasterismos
2113 2125 2303 2188 prosa
2328 2106 2613 2173 oratione
2657 2124 2823 2172 com-

603 2212 842 2293 positos
887 2231 1025 2278 esse
1072 2212 1496 2292 crediderunt,
1556 2213 1656 2278 cui
1698 2212 1902 2278 simile
1947 2214 2138 2278 etiam
2178 2212 2443 2277 Eumelo
2486 2210 2824 2291 contigisse

606 2337 642 2383 e
683 2317 994 2384 Pausania
1014 2320 1095 2402 23)
1135 2324 1420 2401 apparet.
1505 2320 1663 2384 Rem
1708 2319 1762 2384 si
1806 2318 1899 2382 ita
1942 2336 2082 2383 esse
2125 2335 2471 2398 censemuS,
2541 2322 2609 2383 et
2649 2318 2822 2382 valet

606 2424 870 2489 testium
912 2425 1258 2490 auctoritas
1298 2443 1417 2489 nec
1458 2443 1573 2489 nos
1611 2425 1773 2489 mira
1814 2442 1928 2505 pro
1972 2429 2146 2489 certo
2186 2422 2423 2489 habere
2464 2424 2762 2504 cogimur.

769 2529 894 2595 Sed
936 2537 1009 2597 ut
1052 2530 1133 2597 ad
1166 2531 1465 2596 instituta
1502 2529 1834 2595 redeamus
1852 2581 1867 2609 ,
1940 2547 2085 2595 ecce
2128 2548 2291 2611 quae
2333 2531 2398 2594 in
2441 2529 2820 2594 Catasteris-

601 2637 720 2701 mis
742 2638 845 2719 2⁴),
886 2639 952 2702 in
992 2637 1225 2721 Hygini
1265 2637 1648 2703 astronomia
1668 2639 1768 2717 2⁵),
1812 2637 1878 2701 in
1922 2635 2173 2703 scholiis
2216 2636 2399 2701 Arati
2421 2638 2503 2719 2⁶)
2548 2637 2811 2702 Germa-

600 2742 845 2825 nicique
870 2746 951 2826 2⁷)
989 2743 1070 2808 de
1111 2742 1323 2809 fabula
1361 2744 1630 2808 Phrixea
1673 2742 2161 2809 Eratosthenica
2202 2755 2579 2824 supersunt:

766 2867 1064 2934 Phrixum
1107 2874 1172 2932 et
1214 2867 1442 2933 Hellen
1500 2887 1641 2933 cum
1697 2868 1864 2933 aries
1927 2887 1966 2933 a
2018 2866 2306 2953 Nephele
2363 2872 2569 2932 matre
2629 2867 2816 2933 datus

602 2993 778 3040 mare
821 2981 1310 3056 transportaret,
1357 2976 1532 3040 illam
1573 2976 1640 3039 in¹
1682 2975 2162 3057 Hellespontum
2203 2974 2283 3039 ab
2311 2993 2387 3039 ea
2429 2975 2815 3062 nominatum

597 3080 843 3147 deiecit.
932 3081 1117 3146 Helle
1187 3088 1448 3147 servata
1517 3087 1616 3146 est
1683 3100 1722 3145 a
1783 3082 2097 3163 Neptun0,
2172 3083 2272 3147 cui
2332 3082 2549 3147 iuncta
2616 3080 2813 3145 filium

598 3186 914 3253 Paeonem
963 3188 1230 3269 peperit.
1320 3187 1618 3252 Phrixum
1684 3193 1899 3253 autem
1959 3189 2122 3254 aries
2175 3193 2439 3269 pontum
2491 3187 2814 3252 Euxinum

596 3299 994 3360 transvectus
1053 3294 1133 3359 ad
1191 3298 1456 3361 Aeetam
1511 3313 1728 3376 regem
1770 3296 2052 3376 pertulit,
2124 3300 2256 3360 tum
2300 3295 2504 3359 vellus
2548 3282 2813 3360 aureum

594 3399 714 3464 sibi
755 3401 890 3482 ipse
931 3400 1214 3467 detraxit
1254 3401 1606 3484 Phrixoque
1657 3402 1997 3468 memoriae
2040 3420 2228 3468 causa
2272 3402 2479 3481 dedit,
2544 3401 2812 3483 denique

739 3680 837 3746 21)
874 3681 1305 3737 Eratosthenica
1341 3698 1395 3750 p.
1440 3682 1538 3736 111
1583 3698 1696 3750 sqq.

738 3777 832 3845 22)
869 3778 1264 3833 Eratosthenis
1315 3778 1617 3833 carminum
1665 3777 1959 3846 reliquiae;
2014 3776 2153 3846 disp.
2192 3783 2252 3834 et
2289 3777 2433 3846 expl.
2472 3778 2574 3834 Ed.
2612 3775 2808 3848 Hiller,

592 3869 817 3940 Lipsiae
856 3872 1024 3941 18723
1060 3889 1192 3944 pag.
1232 3875 1318 3930 67.
2453 3856 2460 3861 ’

726 3964 829 4034 Ι23)
867 3967 1054 4022 Descr.
1095 3968 1187 4024 Gr.
1228 3969 1303 4039 Π,
1348 3971 1392 4038 1,
1431 3969 1481 4026 1.

735 4061 828 4132 24)
869 4079 986 4133 cap.
1026 4063 1182 4121 XIX.

736 4159 828 4225 25)
867 4158 945 4229 11,
983 4158 1073 4215 20.

735 4254 826 4319 26)
867 4255 941 4309 ad
976 4271 1031 4311 v.
1068 4255 1189 4310 225.
2227 4272 2232 4276 ·

736 4350 829 4421 27)
867 4350 1033 4406 schol.
1069 4349 1240 4405 Basil.
1283 4350 1419 4420 (BP)
1465 4351 1548 4419 79,
1591 4353 1687 4420 183
1728 4350 1893 4408 schol.
1934 4354 2220 4425 Sangerm.
2264 4353 2355 4422 (G)
2398 4352 2514 4423 142,
2554 4352 2644 4419 20.,
