3259 5042
1449 371 1862 435 ...11.....

543 556 684 611 esse
702 598 717 626 ,
781 560 905 628 qua
955 550 1205 612 constat
1261 546 1466 628 redigi
1519 545 1586 610 in
1627 547 1998 611 memoriam
2036 544 2315 630 emporia
2329 599 2345 630 ,
2406 566 2569 631 quae
2612 547 2763 633 quin

541 651 887 718 Phoenices
928 652 994 716 in
1037 653 1165 717 oris
1207 658 1274 719 et
1316 651 1538 719 insulis
1562 652 1868 717 Graeciae
1898 652 2046 718 olim
2075 654 2536 735 constituerint,
2579 674 2763 720 nemo

542 765 645 824 est
687 759 795 840 qui
836 757 1125 825 dubitet.‘
1189 760 1359 838 Quos
1401 776 1542 825 cum
1584 758 1816 841 ubique
1857 760 1995 825 loca
2037 759 2120 824 ad
2160 778 2298 825 rem
2334 760 2761 827 accommoda-

542 864 786 929 tissima
832 865 1175 947 seligerent
1191 917 1206 945 ,
1278 864 1378 931 cui
1437 866 1665 930 mirum
1721 864 2037 932 videbitur
2094 884 2218 931 non
2275 865 2513 948 fugisse
2553 868 2761 933 sinum

540 971 934 1052 Pagasaeum
950 1023 966 1051 ,
1042 972 1148 1053 qui
1189 969 1408 1037 faciles
1464 972 1766 1053 appulsus
1824 979 1891 1038 et
1932 972 2145 1038 aditus
2196 973 2262 1037 in
2303 980 2548 1040 terram
2588 975 2762 1040 silvis

538 1075 948 1159 frugibusque
993 1076 1420 1143 abundantem
1462 1077 1858 1159 patefaceret
1884 1078 1952 1162 1).

706 1182 1090 1248 Phoenicum
1147 1184 1433 1265 exemplo
1495 1183 1743 1249 incitati
1806 1202 1949 1249 mox
1991 1184 2220 1249 Graeci
2286 1203 2534 1267 quoque
2585 1204 2760 1250 mare

540 1295 689 1354 sunt
730 1289 868 1354 ausi
906 1289 1167 1369 intrare,
1212 1307 1479 1372 quorum
1520 1289 1756 1369 primos
1785 1289 2032 1370 longius
2072 1290 2464 1372 navigavisse
2507 1291 2757 1374 Minyas

538 1395 715 1477 ipsae
757 1396 1266 1476 Argonautarum
1310 1394 1564 1460 fabulae
1606 1401 1950 1462 testantur.

704 1499 981 1566 Profecti
1023 1520 1172 1566 vero
1213 1507 1363 1566 sunt
1404 1500 1658 1583 Minyae
1701 1501 1943 1583 pariter
1985 1508 2188 1584 atque·
2214 1502 2410 1568 duces
2453 1522 2670 1569 eorum
2692 1509 2760 1569 et

539 1607 828 1687 magistri
867 1606 1041 1672 nulla
1080 1606 1206 1671 alia
1249 1606 1329 1672 de
1373 1624 1582 1686 causa,
1628 1625 1818 1688 quam
1859 1614 1937 1673 ut
1988 1614 2414 1673 mercaturam
2454 1608 2757 1676 facerent.

543 1712 718 1790 Quae
761 1712 1082 1779 sententia
1119 1710 1527 1779 confirmatur
1582 1731 1845 1778 munere
1863 1764 1878 1791 ,
1955 1731 2077 1795 quo
2132 1713 2446 1779 Homerus
2513 1715 2553 1779 J
2557 1716 2762 1781 asonis

538 1817 734 1884 filium
777 1819 1066 1885 Euneum
1117 1817 1485 1900 fungentem
1540 1818 1803 1884 inducit.
1888 1819 1951 1884 Is
1997 1819 2163 1884 enim
2219 1818 2326 1885 ubi
2380 1821 2762 1903 amplissimo

536 1926 700 1992 dono
742 1925 822 1990 ab
849 1924 1090 1991 Atridis
1117 1924 1524 2007 praecipuum
1554 1924 1869 1990 vendendi
1896 1925 1995 1990 ius
2015 1924 2307 2006 redemit,
2353 1944 2523 2007 aere,
2566 1927 2759 2008 ferro,

540 2038 869 2098 taurorum
914 2030 1183 2113 pellibus
1199 2083 1215 2111 ,
1257 2030 1462 2097 bubus
1477 2081 1495 2112 ,
1538 2032 1805 2114 captivis
1822 2083 1838 2113 ‚
1896 2033 2042 2097 vina
2078 2032 2334 2098 Achivis
2376 2033 2663 2101 divendit
2683 2036 2759 2112 2).

538 2139 714 2204 Alias
783 2140 1034 2206 Eetioni
1101 2137 1320 2206 vendit
1389 2139 1763 2220 Lycaonem,
1831 2139 2065 2204 Priami
2128 2138 2346 2218 filium,
2416 2158 2605 2222 quem
2679 2140 2761 2207 ab

538 2245 783 2311 Achille
825 2249 1146 2310 mercatus
1189 2252 1289 2311 est
1331 2250 1640 2327 argentea
1684 2245 1987 2326 amphora
2008 2247 2083 2328 ³).

702 2353 883 2418 Hanc
905 2352 1179 2435 quidem
1226 2351 1709 2433 explicationem
1749 2351 2153 2418 Weichertus
2174 2353 2229 2435 4)
2274 2352 2356 2418 ad
2398 2358 2621 2421 vetera
2649 2354 2760 2420 illa

537 2464 826 2541 tempora
866 2457 1120 2525 minime
1167 2456 1705 2525 accommodatam
1752 2475 1892 2524 esse
1953 2465 2157 2540 putat,
2216 2458 2329 2524 sed
2371 2458 2761 2526 obliviscitur

533 2565 650 2631 has
689 2566 927 2648 primas
969 2565 1400 2644 navigationes
1443 2583 1566 2630 non
1625 2563 2022 2631 Achaeorum
2062 2564 2276 2645 fuisse,
2350 2571 2424 2632 ut
2467 2584 2502 2631 e
2544 2566 2757 2647 priore

531 2668 698 2754 pulsi
741 2691 965 2738 novam
1007 2671 1281 2753 patriam
1322 2671 1385 2736 vi
1427 2680 1750 2737 armorum
1792 2676 2245 2752 expugnarent,
2289 2672 2403 2737 sed
2444 2672 2525 2737 de
2555 2673 2756 2754 stirpe

530 2779 713 2846 Aeoli
754 2779 1111 2862 Minyarum
1127 2830 1142 2859 ,
1214 2796 1369 2860 quos
1413 2797 1553 2844 cum
1617 2777 1983 2858 negotiandi
2038 2795 2113 2844 ac
2166 2770 2500 2861 navigandi
2547 2780 2757 2846 studio

530 2891 669 2952 tum
709 2884 1070 2967 ingentibus
1112 2883 1344 2950 divitiis
1394 2902 1650 2966 semper
1690 2884 2090 2965 praestitisse
2134 2884 2272 2965 ipse
2314 2885 2406 2951 ait
2428 2885 2499 2961 ⁵).

698 2994 1003 3060 Attamen
1045 2990 1385 3058 concedam
1428 2991 1674 3072 Minyas
1701 3009 1819 3055 nec
1862 2991 1997 3056 sola
2040 2997 2343 3072 quaestus
2388 2990 2754 3074 cupiditate,

530 3107 605 3166 ut
629 3101 880 3166 illorum
903 3099 1202 3165 itinerum
1232 3096 1512 3179 pericula
1538 3096 1845 3177 subirent,
1889 3097 2192 3178 impulsos
2221 3115 2379 3177 esse,
2422 3098 2536 3163 sed
2562 3098 2755 3163 etiam

530 3207 739 3274 studio
785 3206 1002 3272 orbem
1042 3212 1363 3271 terrarum
1407 3203 1840 3284 cognoscendi,
1884 3221 2090 3285 neque
2130 3204 2196 3267 in
2225 3203 2481 3268 nimiam
2503 3204 2754 3285 religio-

530 3333 677 3380 nem
718 3313 989 3380 vertisse
1053 3311 1134 3377 ab
1177 3310 1581 3377 inferioribus
1641 3311 1701 3374 vi
1746 3328 2005 3391 capere,
2078 3329 2203 3375 non
2269 3310 2477 3392 pretio
2521 3328 2752 3390 emere,

530 3438 693 3502 quae
738 3419 855 3486 sibi
902 3419 1244 3501 placerent.

694 3546 776 3611 Se
841 3542 1242 3610 committunt
1302 3541 1498 3623 igitur
1538 3536 1811 3624 Minyae,
1880 3539 2046 3622 quod
2111 3540 2203 3606 eis
2273 3540 2524 3606 obvium
2590 3546 2750 3620 erat,

529 3650 691 3716 mari
735 3653 988 3731 Aegaeo
1045 3655 1114 3714 et
1155 3648 1236 3713 ad
1293 3649 1602 3714 orientem
1660 3666 1881 3712 versus
1937 3647 2002 3711 in
2060 3653 2319 3714 terram·
2344 3646 2752 3728 longinquam

528 3758 927 3841 perveniunt,
991 3756 1180 3836 unde,
1244 3762 1580 3838 postquam
1630 3754 1849 3819 multis
1903 3753 2199 3836 periculis
2252 3754 2319 3818 in
2369 3751 2504 3818 dies
2550 3753 2752 3834 magis

673 4015 729 4088 1)
767 4014 1025 4084 Bursian,
1062 4014 1429 4085 Geographie
1451 4029 1559 4070 von
1595 4012 2021 4078 Grieehenland,
2059 4011 2139 4079 H,
2176 4010 2213 4066 2
2247 4028 2300 4082 p.
2337 4010 2426 4066 43.

669 4112 727 4178 2)
767 4110 834 4166 Il.
873 4109 1003 4176 VH,
1041 4110 1148 4165 467
1188 4125 1303 4178 sqq.
2389 4178 2392 4181 Ἴ

668 4207 725 4275 3)
765 4205 832 4262 Π.
869 4204 1023 4272 XXI,
1058 4204 1132 4259 40
1167 4219 1279 4273 sqq.
1319 4202 1532 4273 XXIII,
1572 4202 1678 4258 741
1717 4217 1850 4271 sqq„
1890 4201 1958 4256 cf.
1997 4200 2178 4256 Strab.
2215 4199 2264 4268 Ι,
2300 4201 2352 4269 2,
2389 4200 2490 4268 333
2529 4200 2626 4268 383
2663 4199 2750 4256 40.
2841 4229 2848 4236 ·

667 4300 724 4367 4)
763 4299 948 4355 Ueber
986 4298 1161 4367 Apoll.
1201 4298 1377 4353 Rhod.
1415 4314 1544 4368 pag.
1587 4298 1708 4353 128.

669 4397 731 4466 5)
765 4395 948 4451 Ueber
984 4394 1232 4465 Apollon.
1273 4409 1406 4464 pag.
1449 4393 1569 4447 112.
