3259 5042
1374 362 1783 431 ἡ..53,..

637 541 1010 609 Colchorum
1052 559 1169 606 rex
1211 542 1416 608 Aeeta
1456 542 1757 608 Phrixum
1796 542 2063 624 benigne
2106 543 2350 626 recepit
2371 544 2454 628 ²⁰)
2498 545 2682 628 eique

473 649 853 730 Chalciopen
872 649 954 731 2'¹)
1005 649 1072 713 in
1116 649 1584 714 matrimonium
1627 648 1805 715 dedit
1828 650 1909 732 28)
1924 698 1941 728 ,
2009 636 2174 731 quae
2213 651 2461 733 peperit
2503 659 2692 734 quate.

470 762 619 822 tuor
660 756 853 822 filios:
897 754 1224 836 Phrontin‚
1267 754 1527 836 Argum,
1572 755 1824 835 Melam,
1871 755 2224 838 Cytisorum
2245 759 2346 840 2⁹).
2417 757 2685 824 Phrixus

470 880 666 928 senex
710 880 746 927 e
789 861 921 926 vita
963 860 1239 927 decessit
1279 866 1347 926 et
1387 861 1452 926 in
1496 860 1789 926 Colchide
1832 861 2119 942 sepultus
2163 870 2263 929 est
2286 862 2387 947 3⁰).

638 1008 902 1074 Collatis
950 1009 1270 1090 Apollonio
1326 1008 1703 1091 Valerioque
1759 1009 1928 1074 inter
1982 1015 2320 1092 utrumque
2363 1011 2686 1093 complura

468 1117 627 1182 satis
669 1115 1030 1197 discrepare
1072 1120 1369 1197 apparet,
1439 1134 1602 1197 quae
1644 1121 1835 1198 poeta
1894 1116 2125 1182 latinus
2168 1135 2309 1182 cum
2350 1118 2505 1183 alios
2546 1124 2685 1184 tum

469 1222 759 1288 Ovidium
800 1227 1057 1288 secutus
1099 1222 1526 1288 commutavit.

576 1527 670 1597 26)
703 1527 771 1596 V,
811 1524 946 1583 525:
1371 1524 1504 1594 quin
1541 1531 1599 1581 et
1636 1525 1791 1582 facili
1826 1526 1933 1583 sibi
1969 1532 2155 1583 mente
2190 1533 2474 1598 receptum

962 1620 1075 1675 iam
1109 1619 1388 1689 Phryxum
1423 1621 1593 1676 dolet.

575 1736 671 1801 27)
707 1733 808 1800 VI,
845 1732 980 1789 479:
1017 1732 1347 1802 Chalciopen
1383 1732 1609 1788 imitata
1648 1749 1781 1788 sono
1816 1733 2099 1801 formaque
2137 1747 2391 1788 sororem.

576 1854 668 1922 28)
706 1852 754 1920 1,
792 1852 924 1906 522:
961 1849 1178 1921 imperii
1215 1851 1311 1906 sed
1348 1855 1512 1920 parte
1547 1851 1727 1907 virum
1762 1857 2042 1918 nataeque
2079 1855 2325 1907 moratus

959 1944 1215 2017 coniugio
1253 1930 1411 2002 videt
1448 1961 1479 2000 e
1517 1945 1681 2017 graia
1718 1934 1863 2002 nunc
1901 1945 2076 2016 stirpe
2113 1950 2359 2020 nepotes.

715 2040 847 2109 VII,
884 2042 983 2096 38:
1024 2040 1243 2110 Phryxe
1280 2041 1483 2110 gener!

572 2153 671 2224 29)
707 2153 776 2221 V,
816 2153 949 2208 501:
988 2153 1206 2222 iamque
1242 2153 1349 2210 tibi
1384 2158 1577 2208 nostra
1616 2151 1797 2224 geniti
1834 2151 1903 2208 de
1942 2151 2118 2222 stirpe
2154 2158 2403 2223 nepotes,

718 2249 819 2316 VI,
852 2247 987 2304 542:
1298 2316 1300 2319 v
1411 2248 1592 2304 Aeolii
1629 2248 1811 2318 proles
1848 2247 2050 2303 Aeetia
2086 2247 2311 2317 Phryxi.

715 2345 785 2400 V.
822 2342 956 2399 461:
1802 2349 1922 2399 tum
1959 2340 2219 2398 Phrontis
2256 2351 2315 2398 et
2352 2345 2538 2414 Argus

991 2436 1258 2492 Aeolidae
1295 2437 1583 2505 fraterque
1622 2437 1819 2504 Melae,
1855 2452 1992 2505 quos
2031 2439 2249 2494 advena
2285 2438 2538 2509 Phryxus

992 2531 1309 2602 progenuit,
1345 2531 1667 2601 pariterque
1704 2531 1816 2588 levi
1856 2532 2141 2602 Cytisorus
2177 2533 2235 2589 in
2271 2535 2452 2590 hasta.

569 2650 661 2718 30)
702 2648 769 2717 V,
807 2648 942 2704 225:
1153 2646 1413 2716 Scythica
1450 2646 1635 2701 senior
1670 2646 1781 2701 iam
1817 2647 1956 2702 Solis
1994 2647 2052 2703 in
2085 2648 2221 2704 urbe

996 2741 1119 2797 fata
1156 2741 1401 2797 laborati
1435 2741 1688 2811 Phryxus
1726 2741 2101 2827 compleverat
2138 2743 2277 2798 aevi.

713 2857 781 2926 V,
826 2857 955 2911 186:
1170 2855 1551 2923 tumulumque
1588 2854 1831 2910 virentia
1869 2871 2036 2923 supra

991 2950 1218 3006 flumina
1257 2951 1486 3021 cognati
1523 2950 1704 3005 medio
1741 2950 1895 3006 videt
1933 2964 2144 3021 aggere
2182 2949 2405 3019 Phryxi.

610 3064 744 3119 Cum
781 3063 1021 3120 Phrixus
1059 3070 1310 3119 mortuus
1347 3065 1559 3120 Aeetae
1612 3063 1821 3121 vellere
1860 3062 2049 3118 ablato
2096 3078 2330 3132 regnum
2364 3063 2680 3130 ademptum

464 3160 537 3216 iri
571 3159 879 3230 praedicat,
919 3160 986 3229 V,
1024 3159 1155 3215 233:

1099 3284 1454 3336 socerumque
1494 3268 1740 3325 externit·
1777 3267 1976 3338 iugens

993 3366 1216 3436 prodita
1254 3380 1391 3421 vox:
1435 3364 1510 3430 „0
1550 3362 1646 3432 qui
1682 3363 1871 3432 patria
1909 3363 2111 3418 tellure
2148 3362 2408 3433 fugatum

994 3463 1459 3530 quaerentemque
1498 3460 1703 3526 domos,
1740 3458 1826 3514 his
1863 3475 1946 3513 me
1984 3457 2268 3514 considere
2306 3474 2503 3528 passus

994 3556 1230 3625 sedibus,
1271 3555 1463 3611 oblata
1500 3570 1768 3626 generum
1806 3571 1932 3610 mox
1966 3555 2122 3623 prole
2156 3554 2383 3623 petisti!

994 3657 1128 3707 tunc
1165 3650 1269 3707 tibi
1307 3665 1603 3720 regnorum
1642 3649 1798 3703 labes
1835 3649 2124 3715 luctusque
2161 3654 2478 3717 supersunt,

994 3753 1159 3816 rapta
1198 3751 1459 3815 soporato
1496 3742 1710 3800 fuerint
1747 3757 1914 3811 quum
1951 3743 2155 3799 vellere
2190 3743 2359 3798 loco.“

464 3859 651 3918 Pelias
712 3858 829 3931 ipse
890 3860 1111 3918 finxisse
1179 3860 1428 3927 videtur,
1502 3874 1647 3928 quae
1713 3857 1750 3914 J
1752 3857 1910 3913 asoni
1976 3857 2044 3912 de
2120 3856 2217 3912 illo
2282 3857 2431 3913 inter
2485 3856 2680 3926 epulas

465 3956 748 4014 trucidato
787 3962 983 4013 narrat
1018 3957 1066 4025 I,
1105 3955 1205 4011 432
1312 4009 1317 4011 ,

961 4070 1123 4125 Hunc
1159 4069 1310 4124 ferus
1348 4067 1572 4132 Aeetes,
1613 4065 1896 4134 Scythiam
1917 4063 2230 4132 Phasinque
2261 4064 2539 4135 rigentem

960 4166 1054 4235 qui
1091 4164 1240 4235 colit,
1279 4164 1410 4232 (heu
1445 4161 1639 4232 magni
1673 4160 1816 4216 Solis
1854 4161 2031 4231 pudor
2046 4161 2084 4227 l)
2127 4159 2348 4228 hospita
2386 4159 2517 4216 vina
2546 4174 2557 4208 τ

959 4260 1110 4318 inter
1146 4265 1207 4316 et
1249 4257 1531 4316 attonitae
1568 4260 1785 4332 mactat
1824 4255 2087 4313 solemnis
2121 4269 2361 4313 mensae.
