3259 5042
1386 368 1803 431 ...27-

487 543 659 610 inter
699 551 875 611 astra
916 542 1070 610 abiit
1086 595 1103 626 ,
1159 542 1301 624 ubi,
1361 563 1502 610 cum
1544 543 1713 626 pelle
1764 549 2000 624 careat,
2052 543 2258 608 lucem
2313 540 2521 610 fundit
2577 543 2704 608 exi-

487 651 728 717 liorem.
1098 664 1103 669 ·

654 754 967 821 Robertus
989 758 1069 839 23)
1110 756 1320 821 nescio
1363 774 1444 820 an
1486 754 1646 820 falso
1688 753 2054 838 ascripserit
2094 754 2502 820 Eratostheni
2549 753 2708 820 alte·
2825 759 2829 767 '

488 881 627 928 ram
669 880 917 944 quoque
960 861 1210 928 fabulae
1252 861 1538 941 formam,
1590 880 1719 944 qua
1758 862 1824 926 in
1866 860 2115 928 scholiis
2156 861 2339 927 Arati
2381 860 2709 925 Germani-

488 969 668 1051 cique
733 974 925 1052 atque
991 968 1159 1050 apud
1222 969 1540 1050 Hyginum
1608 968 1878 1034 Phrixus
1940 967 2207 1033 arietem
2267 968 2409 1034 Jovi
2471 967 2710 1049 Phyxio

487 1075 908 1141 immolavisse
950 1075 1305 1158 pellemque
1349 1075 1484 1140 eius
1525 1074 1766 1140 Aeetae
1810 1074 1971 1141 dono
2012 1073 2261 1140 dedisse
2302 1073 2595 1141 traditur.

654 1181 877 1264 Neque
919 1181 1361 1247 Eratosthenis
1419 1186 1548 1260 est,
1620 1180 1791 1262 quod
1832 1180 1998 1246 idem
2044 1181 2329 1263 Hyginus
2372 1179 2462 1247 ait
2506 1197 2545 1243 a
2584 1178 2710 1243 Ne-

489 1288 679 1370 phele
742 1289 962 1356 arietis
1032 1288 1300 1371 effigiem
1369 1289 1537 1383 inter
1606 1288 1818 1353 sidera
1892 1287 2301 1355 constitutam
2370 1305 2528 1354 esse.
2616 1288 2711 1351 Ea

493 1395 804 1462 debentur
846 1397 1292 1478 grammaticis,
1353 1396 1460 1478 qui
1503 1414 1858 1461 sermonem
1905 1395 2218 1477 poeticum
2261 1395 2505 1475 vulgari
2548 1413 2712 1459 com·

498 1509 920 1570 mutaverunt.

660 1610 745 1676 At
788 1610 1277 1675 Eratosthenem
1320 1607 1399 1679 de
1440 1607 1630 1690 fugae
1675 1626 1883 1689 causa,
1928 1626 2090 1692 quae
2131 1609 2197 1672 in
2243 1607 2713 1674 Catasterismis

490 1713 744 1782 silentio
786 1717 1339 1798 praetermittitur,
1384 1714 1663 1787 locutum
1700 1733 1839 1780 esse
1884 1721 1951 1780 et
1992 1733 2064 1780 re
2107 1715 2246 1797 ipsa
2288 1721 2355 1780 et
2386 1715 2619 1798 Hygini
2634 1716 2712 1792 23)

495 1820 706 1886 verbis
748 1821 1029 1889 adducor
1069 1827 1147 1888 ut
1191 1821 1461 1888 credam.

660 1928 922 1995 Accedit
962 1929 1129 2012 quod
1170 1929 1540 1995 Athamauti
1592 1946 1873 2010 servam,
1934 1930 2034 1995 cui
2075 1948 2303 1994 nomen
2347 1935 2488 1994 erat
2530 1927 2713 2007 Halo,

492 2034 706 2101 Inonis
746 2035 1006 2102 insidias
1046 2035 1350 2102 detulisse
1392 2036 1608 2101 Theon
1632 2034 1710 2119 ²¹⁰)
1754 2034 1975 2116 refert,
2025 2035 2299 2100 alienum
2328 2035 2408 2101 ab
2432 2035 2716 2102 omnibus

494 2151 753 2228 praeter
795 2144 1082 2210 Ovidium
1107 2147 1187 2226 31)
1231 2142 1659 2225 scriptoribus,
1745 2143 1966 2209 Nonne
2011 2143 2489 2223 grammaticum
2515 2142 2713 2222 illum,
2751 2202 2756 2206 ,

493 2253 601 2333 qui
646 2257 712 2316 et
755 2250 1181 2334 Lycophronis
1202 2253 1281 2334 32)
1326 2255 1391 2314 et
1420 2249 1721 2314 Nicandri
1745 2247 1824 2332 33)
1872 2256 1939 2313 et
1962 2249 2275 2330 Apollonii
2297 2251 2378 2332 34)
2423 2248 2718 2314 aliorum-

495 2377 616 2440 que
636 2359 716 2439 35)
762 2357 1039 2422 carmina
1080 2362 1539 2422 commentatus
1581 2360 1697 2435 est,
1744 2356 1938 2420 etiam
1962 2355 2444 2421 Eratosthenica
2485 2356 2717 2438 inarem

497 2481 677 2528 suam
721 2462 1106 2529 convertisse
1148 2463 1489 2543 putemus?

1532 2696 1584 2778 g,
1626 2698 1686 2760 3.

669 2875 993 2955 Carmina,
1064 2893 1225 2957 quae
1272 2881 1340 2940 et
1389 2893 1680 2941 sermone
1723 2874 2043 2939 hominum
2100 2879 2167 2938 et
2226 2872 2555 2938 literarum
2599 2872 2723 2938 fide

500 2982 866 3063 posteritati
930 2980 1169 3047 tradita
1236 2986 1422 3046 erant
1438 3034 1452 3061 ‚
1524 2981 1731 3046 soluta
1784 2981 2069 3046 oratione
2126 2980 2549 3059 rettulerunt,
2614 2979 2722 3061 qui

501 3089 797 3154 dicuntur
838 3088 1335 3170 logographi.

651 3345 742 3410 28)
780 3346 939 3400 Erat.
979 3345 1099 3399 Cat.
1138 3345 1333 3412 reliqu.
1371 3363 1424 3414 p.
1466 3345 1549 3400 15.

649 3440 746 3509 29)
785 3441 1005 3494 Astron.
1046 3441 1120 3509 II,
1159 3441 1257 3497 20:
1302 3441 1402 3494 Ino
1443 3440 1586 3509 quod
1623 3444 1835 3494 tostum
1872 3440 2080 3497 severit
2116 3436 2267 3508 ante,
2308 3457 2450 3508 quae
2488 3440 2724 3497 maxime

506 3534 677 3604 fugae
715 3534 827 3588 fuit
864 3550 1050 3589 causa.
2233 3546 2236 3547 ’

652 3629 742 3694 30)
784 3629 974 3697 Steph.
1012 3630 1144 3698 Byz.
1208 3645 1249 3684 S.
1290 3646 1339 3684 v.
1373 3623 1558 3691 ιἈλοςε
1620 3631 1784 3690 πόλις
1818 3626 2048 3699 Ἀχαίας
2083 3671 2096 3684 .
2135 3669 2149 3684 .
2188 3667 2204 3683 .
2247 3632 2401 3685 Θέων
2437 3631 2498 3685 δέ
2530 3646 2726 3703 φησιν,

509 3718 595 3777 ὅτι
622 3719 782 3784 “Alos
816 3724 1140 3797 θεράπαινα
1177 3718 1247 3793 ἦν
1283 3722 1636 3798 Ἀθάμαντος
1675 3721 1706 3794 ἧ
1742 3722 2044 3798 μηνύσασα
2083 3722 2187 3779 τὶν
2218 3723 2342 3780 Ἰνώ
2378 3724 2626 3800 φρύγειν
2657 3724 2727 3781 τὰ

462 3834 467 3835 ’
510 3825 823 3893 σπέρματα,
860 3807 925 3889 ἧς
963 3824 1044 3880 εἰς
1079 3817 1250 3892 τιμὴν
1287 3818 1393 3891 τὴν
1429 3819 1600 3875 πόλιν
1636 3818 1914 3893 ὠνόμασε.

655 3915 748 3983 31)
785 3916 848 3969 P.
904 3914 1134 3969 Ovidius
1180 3914 1354 3985 Nas0‚
1405 3933 1473 3971 ex
1516 3933 1741 3986 recogn.
1787 3917 1930 3971 Rud.
1977 3914 2251 3986 Merkelii‚
2308 3916 2532 3986 Lipsiae
2575 3919 2729 3974 1877.

508 4009 664 4064 Fast.
702 4009 799 4077 VI,
838 4009 1139 4064 553—556.
1193 4027 1199 4033 ·

654 4105 747 4173 32)
785 4104 976 4172 Steph.
1015 4105 1152 4173 Byz.
1192 4121 1232 4159 S.
1278 4122 1328 4160 v.
1366 4110 1576 4160 Αἰνεία
1615 4111 1675 4161 et
1710 4102 1953 4160 Κίτινα.

654 4200 747 4267 33)
787 4199 977 4268 Steph.
1015 4215 1058 4254 S.
1096 4216 1146 4255 V.
1185 4197 1436 4272 Κορόπη.

655 4294 748 4361 34)
785 4294 994 4349 subscr.
1031 4295 1195 4349 schol.
1237 4296 1420 4364 Apoll.
1459 4296 1641 4351 Rhod.

655 4392 746 4460 35)
788 4390 860 4446 cf.
897 4390 1233 4461 Bernhardy,
1274 4391 1407 4446 Grd.
1448 4392 1508 4446 d..
1533 4408 1615 4462 gr.
1658 4390 1772 4446 Lit.
1814 4392 1890 4462 H,
1929 4392 2064 4462 5643
2104 4394 2233 4464 ’12Ο;
2273 4394 2397 4453 728.
