<?xml version="1.0" encoding="UTF-8"?>
<!DOCTYPE html PUBLIC "-//W3C//DTD XHTML 1.0 Transitional//EN"
    "http://www.w3.org/TR/xhtml1/DTD/xhtml1-transitional.dtd">
<html xmlns="http://www.w3.org/1999/xhtml" xml:lang="en" lang="en">
 <head>
  <title>
</title>
<meta http-equiv="Content-Type" content="text/html;charset=utf-8" />
  <meta name='ocr-system' content='tesseract 3.04.00' />
  <meta name='ocr-capabilities' content='ocr_page ocr_carea ocr_par ocr_line ocrx_word'/>
</head>
<body>
  <div class='ocr_page' id='page_1' title='image "./deargonautarumf00kenngoog_0061.png"; bbox 0 0 3259 5042; ppageno 0'>
   <div class='ocr_carea' id='block_1_1' title="bbox 1404 368 1805 432">
    <p class='ocr_par' dir='ltr' id='par_1_1' title="bbox 1404 368 1805 432">
     <span class='ocr_line' id='line_1_1' title="bbox 1404 368 1805 432; baseline 0.007 -18"><span class='ocrx_word' id='word_1_1' title='bbox 1404 368 1805 432; x_wconf 62' lang='lat'><strong>..57—</strong></span> 
     </span>
    </p>
   </div>
   <div class='ocr_carea' id='block_1_2' title="bbox 464 543 974 652">
    <p class='ocr_par' dir='ltr' id='par_1_2' title="bbox 464 543 974 652">
     <span class='ocr_line' id='line_1_2' title="bbox 464 543 974 652; baseline -0.006 0"><span class='ocrx_word' id='word_1_2' title='bbox 464 543 770 652; x_wconf 80' lang='lat' dir='ltr'><strong>bula</strong></span> <span class='ocrx_word' id='word_1_3' title='bbox 824 545 974 649; x_wconf 87' lang='lat' dir='ltr'><strong>H.</strong></span> 
     </span>
    </p>
   </div>
   <div class='ocr_carea' id='block_1_3' title="bbox 725 765 2499 841">
    <p class='ocr_par' dir='ltr' id='par_1_3' title="bbox 725 765 2499 841">
     <span class='ocr_line' id='line_1_3' title="bbox 725 765 2499 841; baseline 0.001 -17"><span class='ocrx_word' id='word_1_4' title='bbox 725 769 900 841; x_wconf 79' lang='lat' dir='ltr'><strong>Myth.</strong></span> <span class='ocrx_word' id='word_1_5' title='bbox 939 769 1073 827; x_wconf 79' lang='lat' dir='ltr'><strong>vat.</strong></span> <span class='ocrx_word' id='word_1_6' title='bbox 1109 767 1187 839; x_wconf 93' lang='lat'><strong>11,</strong></span> <span class='ocrx_word' id='word_1_7' title='bbox 1229 765 1349 823; x_wconf 84' lang='lat'><strong>134.</strong></span> <span class='ocrx_word' id='word_1_8' title='bbox 1926 765 2103 822; x_wconf 72' lang='lat' dir='ltr'><strong>schol.</strong></span> <span class='ocrx_word' id='word_1_9' title='bbox 2139 767 2286 824; x_wconf 78' lang='lat' dir='ltr'><strong>Stat.</strong></span> <span class='ocrx_word' id='word_1_10' title='bbox 2324 766 2499 827; x_wconf 75' lang='lat' dir='ltr'><strong>Theb.</strong></span> 
     </span>
    </p>
   </div>
   <div class='ocr_carea' id='block_1_4' title="bbox 466 906 2782 1056">
    <p class='ocr_par' dir='ltr' id='par_1_4' title="bbox 466 906 2782 1056">
     <span class='ocr_line' id='line_1_4' title="bbox 747 906 2615 980; baseline 0.001 -13"><span class='ocrx_word' id='word_1_11' title='bbox 747 912 1020 967; x_wconf 77' lang='lat' dir='ltr'><strong>Athamas</strong></span> <span class='ocrx_word' id='word_1_12' title='bbox 1068 925 1193 980; x_wconf 84' lang='lat' dir='ltr'><strong>rex,</strong></span> <span class='ocrx_word' id='word_1_13' title='bbox 1254 906 1412 965; x_wconf 80' lang='lat' dir='ltr'>Aeoli</span> <span class='ocrx_word' id='word_1_14' title='bbox 1459 906 1604 961; x_wconf 84' lang='lat' dir='ltr'><strong>filius</strong></span> <span class='ocrx_word' id='word_1_15' title='bbox 1643 907 1709 977; x_wconf 87' lang='lat' dir='ltr'><strong>V,</strong></span> <span class='ocrx_word' id='word_1_16' title='bbox 1746 907 1871 965; x_wconf 79' lang='lat'><strong>475.</strong></span> <span class='ocrx_word' id='word_1_17' title='bbox 2083 909 2322 966; x_wconf 81' lang='lat' dir='ltr'><strong>Phrixus</strong></span> <span class='ocrx_word' id='word_1_18' title='bbox 2356 918 2416 969; x_wconf 93' lang='lat' dir='ltr'><strong>et</strong></span> <span class='ocrx_word' id='word_1_19' title='bbox 2452 911 2615 968; x_wconf 80' lang='lat' dir='ltr'>Helle</span> 
     </span>
     <span class='ocr_line' id='line_1_5' title="bbox 466 979 2782 1056; baseline 0.001 -18"><span class='ocrx_word' id='word_1_20' title='bbox 466 981 691 1038; x_wconf 87' lang='lat' dir='ltr'><strong>Crethei</strong></span> <span class='ocrx_word' id='word_1_21' title='bbox 775 983 982 1053; x_wconf 87' lang='lat' dir='ltr'><strong>frater,</strong></span> <span class='ocrx_word' id='word_1_22' title='bbox 1092 998 1320 1037; x_wconf 86' lang='lat' dir='ltr'><strong>uxorem</strong></span> <span class='ocrx_word' id='word_1_23' title='bbox 1390 979 1604 1034; x_wconf 86' lang='lat' dir='ltr'><strong>Nubem</strong></span> <span class='ocrx_word' id='word_1_24' title='bbox 1851 981 2210 1037; x_wconf 75' lang='lat' dir='ltr'><strong>Athamantis</strong></span> <span class='ocrx_word' id='word_1_25' title='bbox 2318 984 2489 1039; x_wconf 81' lang='lat' dir='ltr'>Aeolo</span> <span class='ocrx_word' id='word_1_26' title='bbox 2536 984 2718 1056; x_wconf 84' lang='lat' dir='ltr'><strong>geniti</strong></span> <span class='ocrx_word' id='word_1_27' title='bbox 2736 984 2782 1055; x_wconf 84' lang='lat'><strong>1)</strong></span> 
     </span>
    </p>
   </div>
   <div class='ocr_carea' id='block_1_5' title="bbox 369 1051 2010 1125">
    <p class='ocr_par' dir='ltr' id='par_1_5' title="bbox 369 1051 2010 1125">
     <span class='ocr_line' id='line_1_6' title="bbox 369 1051 2010 1125; baseline -0.002 -14"><span class='ocrx_word' id='word_1_28' title='bbox 369 1087 381 1092; x_wconf 89' lang='lat'>-</span> <span class='ocrx_word' id='word_1_29' title='bbox 464 1055 556 1111; x_wconf 85' lang='lat' dir='ltr'><strong>vel</strong></span> <span class='ocrx_word' id='word_1_30' title='bbox 591 1054 876 1125; x_wconf 90' lang='lat' dir='ltr'><strong>Nephelen</strong></span> <span class='ocrx_word' id='word_1_31' title='bbox 911 1060 1169 1111; x_wconf 83' lang='lat' dir='ltr'><strong>vocatam</strong></span> <span class='ocrx_word' id='word_1_32' title='bbox 1205 1053 1418 1118; x_wconf 86' lang='lat' dir='ltr'><strong>habuit,</strong></span> <span class='ocrx_word' id='word_1_33' title='bbox 1641 1057 1701 1106; x_wconf 95' lang='lat' dir='ltr'><strong>et</strong></span> <span class='ocrx_word' id='word_1_34' title='bbox 1736 1051 2010 1122; x_wconf 85' lang='lat' dir='ltr'><strong>Nepheles</strong></span> 
     </span>
    </p>
   </div>
   <div class='ocr_carea' id='block_1_6' title="bbox 463 1122 1953 1338">
    <p class='ocr_par' dir='ltr' id='par_1_6' title="bbox 463 1122 1953 1338">
     <span class='ocr_line' id='line_1_7' title="bbox 466 1122 1953 1193; baseline -0.001 -13"><span class='ocrx_word' id='word_1_35' title='bbox 466 1127 535 1180; x_wconf 85' lang='lat' dir='ltr'><strong>de</strong></span> <span class='ocrx_word' id='word_1_36' title='bbox 569 1141 680 1193; x_wconf 85' lang='lat' dir='ltr'><strong>qua</strong></span> <span class='ocrx_word' id='word_1_37' title='bbox 860 1125 1122 1181; x_wconf 87' lang='lat' dir='ltr'><strong>Phrixum</strong></span> <span class='ocrx_word' id='word_1_38' title='bbox 1169 1130 1228 1181; x_wconf 88' lang='lat' dir='ltr'><strong>et</strong></span> <span class='ocrx_word' id='word_1_39' title='bbox 1405 1122 1606 1177; x_wconf 82' lang='lat' dir='ltr'><strong>Hellen</strong></span> <span class='ocrx_word' id='word_1_40' title='bbox 1851 1123 1953 1178; x_wconf 91' lang='lat' dir='ltr'><strong>filii</strong></span> 
     </span>
     <span class='ocr_line' id='line_1_8' title="bbox 463 1193 1885 1267; baseline -0.001 -16"><span class='ocrx_word' id='word_1_41' title='bbox 463 1196 724 1267; x_wconf 82' lang='lat' dir='ltr'><strong>suscepit.</strong></span> <span class='ocrx_word' id='word_1_42' title='bbox 1641 1193 1885 1251; x_wconf 87' lang='lat' dir='ltr'><strong>fuerunt.</strong></span> 
     </span>
     <span class='ocr_line' id='line_1_9' title="bbox 468 1264 1607 1338; baseline -0.005 -14"><span class='ocrx_word' id='word_1_43' title='bbox 468 1267 649 1336; x_wconf 80' lang='lat' dir='ltr'><strong>Quum</strong></span> <span class='ocrx_word' id='word_1_44' title='bbox 1205 1266 1384 1338; x_wconf 86' lang='lat' dir='ltr'><strong>igitur</strong></span> <span class='ocrx_word' id='word_1_45' title='bbox 1420 1264 1607 1319; x_wconf 83' lang='lat' dir='ltr'><strong>Nubes</strong></span> 
     </span>
    </p>
   </div>
   <div class='ocr_carea' id='block_1_7' title="bbox 466 1336 1608 1411">
    <p class='ocr_par' dir='ltr' id='par_1_7' title="bbox 466 1336 1608 1411">
     <span class='ocr_line' id='line_1_10' title="bbox 466 1336 1608 1411; baseline -0.006 -14"><span class='ocrx_word' id='word_1_46' title='bbox 466 1338 686 1397; x_wconf 86' lang='lat' dir='ltr'><strong>insania</strong></span> <span class='ocrx_word' id='word_1_47' title='bbox 735 1339 928 1397; x_wconf 84' lang='lat' dir='ltr'>Liberi</span> <span class='ocrx_word' id='word_1_48' title='bbox 982 1340 1162 1411; x_wconf 88' lang='lat' dir='ltr'><strong>patris</strong></span> <span class='ocrx_word' id='word_1_49' title='bbox 1215 1338 1465 1394; x_wconf 85' lang='lat' dir='ltr'><strong>excitata</strong></span> <span class='ocrx_word' id='word_1_50' title='bbox 1514 1336 1608 1391; x_wconf 88' lang='lat' dir='ltr'><strong>sil-</strong></span> 
     </span>
    </p>
   </div>
   <div class='ocr_carea' id='block_1_8' title="bbox 464 1406 2781 1570">
    <p class='ocr_par' dir='ltr' id='par_1_8' title="bbox 464 1406 2781 1570">
     <span class='ocr_line' id='line_1_11' title="bbox 464 1406 2781 1499; baseline 0.002 -33"><span class='ocrx_word' id='word_1_51' title='bbox 464 1427 591 1467; x_wconf 82' lang='lat' dir='ltr'><strong>vam</strong></span> <span class='ocrx_word' id='word_1_52' title='bbox 642 1417 864 1482; x_wconf 90' lang='lat' dir='ltr'><strong>peteret</strong></span> <span class='ocrx_word' id='word_1_53' title='bbox 918 1429 1020 1468; x_wconf 92' lang='lat' dir='ltr'><strong>nec</strong></span> <span class='ocrx_word' id='word_1_54' title='bbox 1074 1413 1147 1467; x_wconf 85' lang='lat' dir='ltr'><strong>ad</strong></span> <span class='ocrx_word' id='word_1_55' title='bbox 1193 1412 1367 1466; x_wconf 93' lang='lat' dir='ltr'><strong>larem</strong></span> <span class='ocrx_word' id='word_1_56' title='bbox 1418 1406 1609 1463; x_wconf 89' lang='lat' dir='ltr'><strong>mariti</strong></span> <span class='ocrx_word' id='word_1_57' title='bbox 1718 1423 1771 1490; x_wconf 86' lang='lat'><strong>1)</strong></span> <span class='ocrx_word' id='word_1_58' title='bbox 1810 1424 1878 1480; x_wconf 71' lang='lat'><strong>1„</strong></span> <span class='ocrx_word' id='word_1_59' title='bbox 1913 1424 2071 1494; x_wconf 62' lang='lat' dir='ltr'><strong>libro,</strong></span> <span class='ocrx_word' id='word_1_60' title='bbox 2107 1426 2203 1495; x_wconf 72' lang='lat' dir='ltr'><strong>qui</strong></span> <span class='ocrx_word' id='word_1_61' title='bbox 2238 1426 2372 1483; x_wconf 71' lang='lat' dir='ltr'><strong>mihi</strong></span> <span class='ocrx_word' id='word_1_62' title='bbox 2395 1433 2620 1497; x_wconf 62' lang='lat' dir='ltr'><strong>praesto</strong></span> <span class='ocrx_word' id='word_1_63' title='bbox 2641 1435 2781 1499; x_wconf 61' lang='lat' dir='ltr'><strong>erat,</strong></span> 
     </span>
     <span class='ocr_line' id='line_1_12' title="bbox 469 1484 2653 1570; baseline 0.011 -33"><span class='ocrx_word' id='word_1_64' title='bbox 469 1497 713 1539; x_wconf 90' lang='lat' dir='ltr'><strong>remeare</strong></span> <span class='ocrx_word' id='word_1_65' title='bbox 742 1484 935 1549; x_wconf 82' lang='lat' dir='ltr'><strong>vellet,</strong></span> <span class='ocrx_word' id='word_1_66' title='bbox 1644 1494 1858 1565; x_wconf 82' lang='lat' dir='ltr'><strong>legitur</strong></span> <span class='ocrx_word' id='word_1_67' title='bbox 1896 1498 2242 1570; x_wconf 81' lang='lat' dir='ltr'><strong>„Elegenti.“</strong></span> <span class='ocrx_word' id='word_1_68' title='bbox 2648 1531 2653 1537; x_wconf 92' lang='lat'>·</span> 
     </span>
    </p>
   </div>
   <div class='ocr_carea' id='block_1_9' title="bbox 462 1624 1610 2255">
    <p class='ocr_par' dir='ltr' id='par_1_9' title="bbox 465 1624 746 1682">
     <span class='ocr_line' id='line_1_13' title="bbox 465 1624 746 1682; baseline 0 -2"><span class='ocrx_word' id='word_1_69' title='bbox 465 1624 594 1680; x_wconf 87' lang='lat' dir='ltr'><strong>filiis</strong></span> <span class='ocrx_word' id='word_1_70' title='bbox 631 1626 746 1682; x_wconf 89' lang='lat' dir='ltr'><strong>suis</strong></span> 
     </span>
    </p>

    <p class='ocr_par' dir='ltr' id='par_1_10' title="bbox 466 1694 1609 1768">
     <span class='ocr_line' id='line_1_14' title="bbox 466 1694 1609 1768; baseline -0.003 -17"><span class='ocrx_word' id='word_1_71' title='bbox 466 1696 737 1753; x_wconf 79' lang='lat' dir='ltr'><strong>Athamas</strong></span> <span class='ocrx_word' id='word_1_72' title='bbox 774 1696 1108 1768; x_wconf 83' lang='lat' dir='ltr'><strong>superduxit</strong></span> <span class='ocrx_word' id='word_1_73' title='bbox 1154 1711 1445 1753; x_wconf 81' lang='lat' dir='ltr'><strong>novercam</strong></span> <span class='ocrx_word' id='word_1_74' title='bbox 1481 1694 1609 1749; x_wconf 92' lang='lat' dir='ltr'><strong>Ino-</strong></span> 
     </span>
    </p>

    <p class='ocr_par' dir='ltr' id='par_1_11' title="bbox 464 1764 1610 1841">
     <span class='ocr_line' id='line_1_15' title="bbox 464 1764 1610 1841; baseline -0.003 -18"><span class='ocrx_word' id='word_1_75' title='bbox 464 1784 589 1823; x_wconf 89' lang='lat' dir='ltr'><strong>nem</strong></span> <span class='ocrx_word' id='word_1_76' title='bbox 653 1776 1061 1841; x_wconf 79' lang='lat' dir='ltr'><strong>nuncupatam3</strong></span> <span class='ocrx_word' id='word_1_77' title='bbox 1124 1785 1268 1838; x_wconf 86' lang='lat' dir='ltr'><strong>qnae</strong></span> <span class='ocrx_word' id='word_1_78' title='bbox 1329 1764 1610 1824; x_wconf 83' lang='lat' dir='ltr'><strong>novercali</strong></span> 
     </span>
    </p>

    <p class='ocr_par' dir='ltr' id='par_1_12' title="bbox 466 1839 1449 1910">
     <span class='ocr_line' id='line_1_16' title="bbox 466 1839 1449 1910; baseline 0 -17"><span class='ocrx_word' id='word_1_79' title='bbox 466 1839 599 1894; x_wconf 65' lang='lat' dir='ltr'><strong>odio‘</strong></span> <span class='ocrx_word' id='word_1_80' title='bbox 629 1842 817 1910; x_wconf 87' lang='lat' dir='ltr'><strong>pueris</strong></span> <span class='ocrx_word' id='word_1_81' title='bbox 853 1842 1088 1898; x_wconf 87' lang='lat' dir='ltr'><strong>exitium</strong></span> <span class='ocrx_word' id='word_1_82' title='bbox 1123 1839 1449 1896; x_wconf 89' lang='lat' dir='ltr'><strong>machinans</strong></span> 
     </span>
    </p>

    <p class='ocr_par' dir='ltr' id='par_1_13' title="bbox 465 1917 752 1967">
     <span class='ocr_line' id='line_1_17' title="bbox 465 1917 752 1967; baseline 0.007 -2"><span class='ocrx_word' id='word_1_83' title='bbox 465 1917 752 1967; x_wconf 87' lang='lat' dir='ltr'><strong>matronas</strong></span> 
     </span>
    </p>

    <p class='ocr_par' dir='ltr' id='par_1_14' title="bbox 463 1982 1349 2052">
     <span class='ocr_line' id='line_1_18' title="bbox 463 1982 1349 2052; baseline 0 -15"><span class='ocrx_word' id='word_1_84' title='bbox 463 1982 649 2052; x_wconf 88' lang='lat' dir='ltr'><strong>petiit,</strong></span> <span class='ocrx_word' id='word_1_85' title='bbox 688 1989 755 2039; x_wconf 98' lang='lat' dir='ltr'><strong>ut</strong></span> <span class='ocrx_word' id='word_1_86' title='bbox 791 1983 1073 2038; x_wconf 84' lang='lat' dir='ltr'><strong>frumenta</strong></span> <span class='ocrx_word' id='word_1_87' title='bbox 1111 1982 1349 2038; x_wconf 83' lang='lat' dir='ltr'><strong>serenda</strong></span> 
     </span>
    </p>

    <p class='ocr_par' dir='ltr' id='par_1_15' title="bbox 674 2060 1106 2124">
     <span class='ocr_line' id='line_1_19' title="bbox 674 2060 1106 2124; baseline 0.002 -15"><span class='ocrx_word' id='word_1_88' title='bbox 674 2060 1106 2124; x_wconf 79' lang='lat' dir='ltr'><strong>corrumperent.</strong></span> 
     </span>
    </p>

    <p class='ocr_par' dir='ltr' id='par_1_16' title="bbox 462 2125 1608 2193">
     <span class='ocr_line' id='line_1_20' title="bbox 462 2125 1608 2193; baseline 0 -13"><span class='ocrx_word' id='word_1_89' title='bbox 462 2125 584 2193; x_wconf 83' lang='lat' dir='ltr'><strong>Quo</strong></span> <span class='ocrx_word' id='word_1_90' title='bbox 622 2126 776 2183; x_wconf 87' lang='lat' dir='ltr'><strong>facto</strong></span> <span class='ocrx_word' id='word_1_91' title='bbox 1433 2125 1608 2181; x_wconf 89' lang='lat' dir='ltr'><strong>fames</strong></span> 
     </span>
    </p>

    <p class='ocr_par' dir='ltr' id='par_1_17' title="bbox 535 2202 804 2255">
     <span class='ocr_line' id='line_1_21' title="bbox 535 2202 804 2255; baseline 0.007 -3"><span class='ocrx_word' id='word_1_92' title='bbox 535 2202 661 2253; x_wconf 84' lang='lat' dir='ltr'><strong>orta</strong></span> <span class='ocrx_word' id='word_1_93' title='bbox 697 2204 804 2255; x_wconf 89' lang='lat' dir='ltr'><strong>est.</strong></span> 
     </span>
    </p>
   </div>
   <div class='ocr_carea' id='block_1_10' title="bbox 1642 1337 2064 1350">
    <p class='ocr_par' dir='ltr' id='par_1_18' title="bbox 1642 1337 2064 1350">
     <span class='ocr_line' id='line_1_22' title="bbox 1642 1337 2064 1350; baseline 0 3692"><span class='ocrx_word' id='word_1_94' title='bbox 1642 1337 2064 1350; x_wconf 95' lang='lat' dir='ltr'><strong> </strong></span> 
     </span>
    </p>
   </div>
   <div class='ocr_carea' id='block_1_11' title="bbox 461 2338 1608 2682">
    <p class='ocr_par' dir='ltr' id='par_1_19' title="bbox 461 2338 1608 2610">
     <span class='ocr_line' id='line_1_23' title="bbox 461 2338 1608 2424; baseline -0.001 -28"><span class='ocrx_word' id='word_1_95' title='bbox 461 2339 644 2408; x_wconf 81' lang='lat' dir='ltr'><strong>Quum</strong></span> <span class='ocrx_word' id='word_1_96' title='bbox 682 2346 872 2396; x_wconf 82' lang='lat' dir='ltr'><strong>autem</strong></span> <span class='ocrx_word' id='word_1_97' title='bbox 922 2340 995 2394; x_wconf 84' lang='lat' dir='ltr'><strong>ad</strong></span> <span class='ocrx_word' id='word_1_98' title='bbox 1041 2338 1357 2424; x_wconf 78' lang='lat' dir='ltr'><strong>Apollinem</strong></span> <span class='ocrx_word' id='word_1_99' title='bbox 1394 2340 1608 2395; x_wconf 89' lang='lat' dir='ltr'><strong>consul-</strong></span> 
     </span>
     <span class='ocr_line' id='line_1_24' title="bbox 462 2411 1607 2481; baseline 0 -14"><span class='ocrx_word' id='word_1_100' title='bbox 462 2418 583 2467; x_wconf 90' lang='lat' dir='ltr'><strong>tum</strong></span> <span class='ocrx_word' id='word_1_101' title='bbox 651 2411 921 2468; x_wconf 82' lang='lat' dir='ltr'><strong>civitas</strong></span> <span class='ocrx_word' id='word_1_102' title='bbox 991 2411 1260 2481; x_wconf 78' lang='lat' dir='ltr'><strong>mislsset,</strong></span> <span class='ocrx_word' id='word_1_103' title='bbox 1328 2412 1428 2467; x_wconf 92' lang='lat' dir='ltr'><strong>Ino</strong></span> <span class='ocrx_word' id='word_1_104' title='bbox 1466 2426 1607 2481; x_wconf 89' lang='lat' dir='ltr'><strong>eum,</strong></span> 
     </span>
     <span class='ocr_line' id='line_1_25' title="bbox 678 2482 1608 2553; baseline -0.001 -15"><span class='ocrx_word' id='word_1_105' title='bbox 678 2483 773 2551; x_wconf 88' lang='lat' dir='ltr'><strong>qui</strong></span> <span class='ocrx_word' id='word_1_106' title='bbox 811 2482 1010 2538; x_wconf 89' lang='lat' dir='ltr'><strong>missus</strong></span> <span class='ocrx_word' id='word_1_107' title='bbox 1047 2488 1189 2549; x_wconf 82' lang='lat' dir='ltr'><strong>erat,</strong></span> <span class='ocrx_word' id='word_1_108' title='bbox 1229 2482 1493 2553; x_wconf 84' lang='lat' dir='ltr'><strong>corrupit,</strong></span> <span class='ocrx_word' id='word_1_109' title='bbox 1540 2488 1608 2538; x_wconf 86' lang='lat' dir='ltr'><strong>ut</strong></span> 
     </span>
     <span class='ocr_line' id='line_1_26' title="bbox 721 2553 1606 2610; baseline 0 -1"><span class='ocrx_word' id='word_1_110' title='bbox 721 2553 960 2609; x_wconf 85' lang='lat' dir='ltr'><strong>referret</strong></span> <span class='ocrx_word' id='word_1_111' title='bbox 999 2555 1067 2610; x_wconf 89' lang='lat' dir='ltr'><strong>ab</strong></span> <span class='ocrx_word' id='word_1_112' title='bbox 1107 2555 1326 2610; x_wconf 84' lang='lat' dir='ltr'><strong>oraculo</strong></span> <span class='ocrx_word' id='word_1_113' title='bbox 1365 2554 1606 2609; x_wconf 86' lang='lat' dir='ltr'><strong>dictum:</strong></span> 
     </span>
    </p>

    <p class='ocr_par' dir='ltr' id='par_1_20' title="bbox 463 2625 1304 2682">
     <span class='ocr_line' id='line_1_27' title="bbox 463 2625 1304 2682; baseline -0.002 0"><span class='ocrx_word' id='word_1_114' title='bbox 463 2625 637 2682; x_wconf 87' lang='lat' dir='ltr'><strong>Nubis</strong></span> <span class='ocrx_word' id='word_1_115' title='bbox 675 2626 892 2681; x_wconf 85' lang='lat' dir='ltr'><strong>filios</strong></span> <span class='ocrx_word' id='word_1_116' title='bbox 930 2625 1304 2681; x_wconf 86' lang='lat' dir='ltr'><strong>immolandos.</strong></span> 
     </span>
    </p>
   </div>
   <div class='ocr_carea' id='block_1_12' title="bbox 460 2767 1604 3041">
    <p class='ocr_par' dir='ltr' id='par_1_21' title="bbox 460 2767 1604 3041">
     <span class='ocr_line' id='line_1_28' title="bbox 460 2767 1361 2839; baseline -0.001 -15"><span class='ocrx_word' id='word_1_117' title='bbox 460 2769 593 2839; x_wconf 87' lang='lat' dir='ltr'><strong>Ipsa</strong></span> <span class='ocrx_word' id='word_1_118' title='bbox 628 2783 864 2836; x_wconf 88' lang='lat' dir='ltr'><strong>namque</strong></span> <span class='ocrx_word' id='word_1_119' title='bbox 901 2768 1112 2824; x_wconf 85' lang='lat' dir='ltr'><strong>dictum</strong></span> <span class='ocrx_word' id='word_1_120' title='bbox 1148 2767 1361 2837; x_wconf 86' lang='lat' dir='ltr'><strong>habuit,</strong></span> 
     </span>
     <span class='ocr_line' id='line_1_29' title="bbox 462 2839 1604 2897; baseline -0.001 -1"><span class='ocrx_word' id='word_1_121' title='bbox 462 2856 556 2896; x_wconf 88' lang='lat' dir='ltr'><strong>eos</strong></span> <span class='ocrx_word' id='word_1_122' title='bbox 583 2840 875 2896; x_wconf 76' lang='lat' dir='ltr'><strong>&#39;frumenta</strong></span> <span class='ocrx_word' id='word_1_123' title='bbox 916 2839 1238 2895; x_wconf 80' lang='lat' dir='ltr'><strong>incendisse.</strong></span> <span class='ocrx_word' id='word_1_124' title='bbox 1275 2840 1449 2896; x_wconf 86' lang='lat' dir='ltr'><strong>Pater</strong></span> <span class='ocrx_word' id='word_1_125' title='bbox 1473 2856 1604 2897; x_wconf 87' lang='lat' dir='ltr'><strong>vero</strong></span> 
     </span>
     <span class='ocr_line' id='line_1_30' title="bbox 461 2910 1604 2981; baseline 0.001 -14"><span class='ocrx_word' id='word_1_126' title='bbox 461 2912 664 2967; x_wconf 88' lang='lat' dir='ltr'><strong>timens</strong></span> <span class='ocrx_word' id='word_1_127' title='bbox 721 2910 910 2981; x_wconf 88' lang='lat' dir='ltr'><strong>populi</strong></span> <span class='ocrx_word' id='word_1_128' title='bbox 963 2910 1228 2967; x_wconf 84' lang='lat' dir='ltr'><strong>invidiam</strong></span> <span class='ocrx_word' id='word_1_129' title='bbox 1281 2911 1423 2967; x_wconf 85' lang='lat' dir='ltr'><strong>filios</strong></span> <span class='ocrx_word' id='word_1_130' title='bbox 1475 2929 1604 2969; x_wconf 88' lang='lat' dir='ltr'><strong>suos</strong></span> 
     </span>
     <span class='ocr_line' id='line_1_31' title="bbox 462 2982 1333 3041; baseline 0 -1"><span class='ocrx_word' id='word_1_131' title='bbox 462 3000 736 3041; x_wconf 85' lang='lat' dir='ltr'><strong>novercae</strong></span> <span class='ocrx_word' id='word_1_132' title='bbox 775 2982 1048 3038; x_wconf 90' lang='lat' dir='ltr'><strong>commisit</strong></span> <span class='ocrx_word' id='word_1_133' title='bbox 1084 2983 1333 3040; x_wconf 88' lang='lat' dir='ltr'><strong>arbitrio.</strong></span> 
     </span>
    </p>
   </div>
  </div>
 </body>
</html>
