3259 5042
1383 368 1803 432 ...ω-

483 550 662 621 Myth.
700 547 832 606 vat.
870 549 948 615 Il,
985 547 1104 604 134.
1213 547 1394 604 Schol.
1408 547 1552 606 Stat.
1567 548 1739 605 Theb.
1760 547 1830 617 V,
1847 546 1970 606 475.
2006 545 2184 604 Schol.
2197 546 2344 605 Stat.
2360 547 2530 604 Theb.
2544 547 2759 620 11,281.

428 693 577 762 Quos
618 706 740 749 cum
784 707 1022 749 noverca
1056 707 1179 761 per·
1214 691 1362 759 Quos
1400 708 1522 747 cum
1559 707 1799 750 noverca
1848 707 1971 763 per·
2007 689 2249 747 Phrixus
2286 696 2346 747 et
2382 691 2542 747 Helle

427 770 756 835 sequeretur
791 764 1015 833 infesta,

425 908 539 964 illis
585 905 645 964 in
684 908 828 963 silva
864 907 1180 963 errantibus

774 985 957 1035 mater
994 995 1180 1035 eorum

426 1050 632 1107 dicitur
666 1050 883 1106 venisse
939 1056 999 1106 et
1036 1049 1182 1106 arie·

427 1129 540 1179 tem
567 1123 775 1178 vellere
814 1139 984 1178 aureo
1009 1121 1181 1193 insig-

424 1195 607 1251 nitum
660 1194 991 1262 exhibuisse,

498 1352 657 1404 quem
694 1336 1012 1405 praedictos
1038 1335 1179 1392 filios

428 1408 727 1464 sunonis
776 1409 1115 1464 instinctu
1134 1411 1178 1477 ι)

426 1479 596 1537 iussit
653 1481 950 1535 ascendere
1008 1487 1069 1537 et
1122 1480 1181 1535 in

430 1552 655 1607 Colchos
693 1549 932 1607 insulam
980 1553 1053 1609 ad
1094 1568 1180 1607 re-

430 1639 555 1693 gem
592 1623 828 1677 Aeetam
847 1624 987 1679 Solis
1008 1623 1181 1679 filium

431 1693 670 1750 transire
723 1693 909 1762 ibique
946 1695 1180 1750 arietem

428 1764 775 1836 praedictum
810 1765 1110 1822 immolare.

429 1837 577 1905 Quos
630 1836 830 1891 matris
883 1844 1181 1922 praecepto

428 1910 878 1977 obtemperantes
914 1908 1062 1964 aries
1124 1908 1182 1964 in

426 1982 663 2051 pelagus
700 1979 939 2035 detulit:

501 2052 690 2118 Helle,
747 2057 942 2120 utpote
996 2051 1183 2122 puella

429 2139 566 2179 sexu
603 2122 881 2191 infirmior,

542 2196 700 2263 lapsa
739 2210 932 2249 nomen
969 2194 1184 2249 Helles-

429 2272 599 2337 ponto
638 2264 808 2320 dedit.

948 2335 1183 2390 Phrixus

335 2465 344 2473 ,
427 2408 653 2466 devenit
690 2409 762 2463 ad
797 2407 1024 2462 Colchos
1079 2407 1182 2462 ibi·

426 2498 532 2551 que
553 2479 750 2536 matris
783 2478 960 2534 iussui
972 2494 1183 2564 parens

429 2553 664 2609 arietem
708 2549 1016 2606 immolavit
1069 2550 1183 2620 pel-

431 2627 643 2692 lemque
703 2637 929 2678 auream
983 2621 1185 2676 Martis

431 2696 634 2764 templo
673 2693 913 2756 dicavit,
965 2692 1054 2748 cui
1091 2708 1186 2748 011-

429 2766 756 2822 stodiendae
794 2765 959 2819 draco
1005 2764 1185 2833 pervi-

432 2839 517 2911 gil
604 2838 810 2893 dicitur
898 2834 1185 2905 appositus

430 2926 867 2966 esse..

504 3122 560 3189 1)
599 3120 666 3175 cf.
705 3119 971 3176 Philosta
1041 3116 1185 3173 κατά

431 3212 583 3254 τινος
638 3192 993 3263 δαίμονος
1060 3198 1180 3244 ἔπι-

432 3262 694 3339 φάνειαν.

1214 770 1540 832 sequeretur
1583 764 1809 833 infesta,

1218 1049 1454 1106 arietem
1492 1050 1717 1107 velleris
1754 1050 1911 1108 aurei

1215 1479 1552 1535 scenderunt
1574 1479 1617 1543 ¹)
1681 1493 1833 1535 mare
1846 1424 1971 1535 mix:

1218 1550 1398 1622 gressi
1452 1550 1696 1620 patriam
1743 1551 1970 1607 Colchos

1217 1623 1502 1693 petebant.

1219 2052 1326 2108 Sed
1358 2051 1520 2107 Helle
1556 2054 1754 2121 utpote
1782 2052 1972 2121 puella

1220 2139 1356 2178 sexu
1414 2121 1643 2178 inferior
1702 2123 1763 2178 111
1822 2139 1972 2178 111010

1220 2191 1447 2265 delapsa
1506 2210 1704 2250 nomen
1758 2194 1973 2250 Helles·

1217 2272 1387 2336 ponto
1424 2266 1646 2322 tribuit.

1737 2337 1972 2393 Phrixus

1220 2408 1445 2465 devenit
1494 2409 1568 2463 ad
1604 2409 1833 2464 Colchos
1871 2410 1973 2465 ibi·

1219 2496 1325 2549 que

1220 2552 1498 2607 immolato
1580 2552 1760 2608 ariete
1855 2551 1970 2623 pel-

1220 2624 1325 2679 lem
1364 2623 1484 2679 eius
1533 2639 1763 2679 auream
1799 2624 1973 2679 Marti

1221 2695 1447 2758 dicavit
1485 2710 1650 2763 quam
1670 2697 1836 2750 draco
1849 2711 1972 2765 per-

1220 2767 1359 2837 vigil
1399 2766 1769 2822 custodiebat.

1293 2978 1346 3044 1)
1384 2979 1559 3049 suppl.
1603 2982 1745 3045 „et“.

2006 832 2226 889 insania
2252 850 2287 889 a
2305 833 2506 891 Libero
2542 835 2760 891 obiecta

2007 918 2131 961 cum
2180 904 2240 962 in
2294 904 2437 963 silva
2491 913 2759 976 errarent,

2006 977 2222 1033 Nebula
2244 978 2286 1046 ¹)
2340 985 2523 1034 mater
2574 995 2761 1034 eorum

2008 1048 2214 1121 dicitur
2249 1049 2469 1105 venisse
2522 1056 2581 1104 et
2618 1050 2761 1106 arie-

2007 1123 2122 1174 tem
2157 1120 2367 1176 vellere
2400 1138 2568 1177 aureo
2588 1121 2762 1191 111313-

2007 1191 2187 1247 nitum
2224 1191 2556 1261 exhibuisse,

2006 1334 2065 1389 in
2100 1349 2206 1402 quo
2253 1335 2568 1406 praedictos
2619 1334 2760 1390 filios

2007 1493 2133 1534 suos
2170 1477 2335 1533 iussit
2372 1479 2671 1533 ascendere
2701 1483 2760 1534 et

2006 1549 2066 1603 in
2120 1549 2351 1605 Colchos
2424 1550 2496 1604 ad
2570 1565 2761 1621 regem

2005 1621 2244 1676 Aeetam

2007 1692 2250 1747 transire
2303 1692 2486 1761 ibique
2525 1692 2758 1749 arietem

2252 1762 2555 1820 immolare.

2008 1833 2112 1888 Cui
2133 1833 2176 1918 ¹)
2214 1850 2335 1890 cum
2375 1852 2443 1890 ex
2472 1835 2760 1906 praedicto

2008 1905 2205 1988 matris
2223 1908 2620 1977 ascendissent,
2634 1908 2760 1964 illos

2011 1976 2065 2031 in
2102 1978 2337 2103 pelssgfis
2376 1979 2593 2034 detulit.

2233 2065 2262 2104 e
2309 2065 2338 2104 e

2080 2192 2238 2260 lapsa
2280 2207 2479 2247 nomen

2008 2268 2178 2332 ponto
2216 2264 2385 2320 dedit.

2528 2336 2765 2393 Phrixus

2009 2479 2206 2534 matris
2238 2487 2535 2550 praecepto
2561 2498 2761 2550 parens

2007 2550 2241 2606 arietem
2296 2551 2603 2609 immolavit
2647 2555 2762 2623 pel-

2006 2622 2220 2690 lemque
2275 2639 2504 2679 auream
2560 2626 2763 2680 Martis

2007 2695 2213 2763 templo
2251 2694 2487 2764 dicavit,
2525 2713 2691 2765 quam

2008 2973 2183 3029 Jason
2236 2974 2470 3032 Aesonis

2009 3044 2154 3101 filius
2226 3062 2346 3103 011111
2418 3051 2763 3120 Argonautis

2010 3116 2215 3173 dicitur
2249 3118 2495 3187 petiisse.

2010 3187 2172 3243 Hunc
2213 3191 2395 3246 Aeeta
2440 3208 2539 3247 rex
2588 3194 2765 3251 11110113

2008 3260 2221 3342 recepit
2267 3261 2544 3332 filiamque
2581 3265 2635 3320 ei
2673 3268 2765 3323 de-

2009 3330 2095 3385 dit
2131 3348 2373 3389 uxorem.
2447 3336 2524 3390 Et
2543 3354 2668 3392 cum
2695 3355 2765 3394 ex

2009 3417 2077 3457 ea
2160 3403 2365 3460 liberos
2439 3410 2762 3481 accepisset,

2006 3474 2221 3531 veritus
2313 3483 2400 3534 est
2420 3478 2462 3545 ⁸)
2562 3484 2761 3552 Aeeta,

2007 3562 2078 3601 ne
2142 3564 2202 3603 se
2247 3564 2442 3632 ,103110
2499 3524 2761 3621 deiceret,

2007 3619 2154 3685 quod
2210 3619 2263 3675 ei
2316 3635 2637 3691 responsum
2695 3640 2764 3680 ex

2006 3689 2279 3763 prodigiis
2316 3692 2520 3763 fuerat,
2576 3695 2695 3767 [ab]
2716 3699 2763 3767 ⁴)

2008 3761 2227 3844 advena
2282 3764 2445 3820 Aeoli
2462 3737 2520 3836 δ’)
2565 3783 2762 3839 proge-

2007 3832 2098 3888 nie
2171 3840 2404 3891 mortem
2481 3845 2722 3911 caveret,

2081 4041 2136 4109 1)
2172 4055 2272 4110 pro
2312 4042 2646 4112 „Neobula“.

2080 4112 2137 4181 2)
2173 4113 2268 4180 qui
2301 4117 2397 4182 (30.
2433 4115 2602 4186 aries)
2622 4118 2650 4171 Ρ

2079 4183 2139 4255 3)
2175 4190 2278 4240 aut
2349 4188 2495 4257 „est“
2574 4188 2759 4246 delen·

2009 4252 2138 4310 dum
2175 4262 2277 4312 aut
2308 4264 2440 4314 ante
2468 4259 2761 4328 P„hrixum

2007 4326 2324 4384 interfecit“
2351 4330 2606 4400 „itaque“
2636 4349 2762 4403 sup·

2008 4400 2268 4469 plendum
2307 4418 2428 4458 esse
2465 4403 2735 4460 existimo.

2080 4470 2137 4545 4)
2175 4473 2427 4543 equidem
2462 4476 2728 4549 supplevi.
