3259 5042
1348 280 1595 403 ...¹45
1684 370 1758 386 .-

667 510 1020 595 „beneficiis
1061 513 1513 581 hostimentum
1555 514 1860 598 peperisti
1903 521 1970 581 et
2011 513 2243 596 grave“
2266 512 2322 599 ²)

452 624 525 682 ut
566 616 793 684 falsum
836 620 1077 685 referat
1115 621 1435 686 oraculum
1476 622 1838 703 persuadet.

622 726 927 793 Athamas
969 733 1202 808 autem,
1247 735 1319 795 ut
1360 749 1464 795 res
1505 729 1659 795 foris
1703 729 2080 812 tranquillae
2124 729 2269 808 sint,
2334 726 2665 809 parricidio

452 849 523 896 se
562 835 835 898 animum
881 834 1351 916 inquinaturum
1394 854 1532 901 esse
1576 841 1803 917 negat:

667 939 953 1023 „hostem
996 949 1067 1008 ut
1108 942 1473 1024 profugiens
1513 942 1744 1008 inimici
1785 941 2076 1007 invadam
2120 943 2185 1006 in
2228 959 2450 1007 manus
2465 940 2536 1005 ¹?“
2552 943 2603 1022 3)

454 1045 566 1110 Ino
610 1046 835 1110 civium
878 1065 1022 1112 eum
1065 1047 1361 1114 admonet
1399 1047 1888 1129 indignantium:

672 1171 750 1234 „a
792 1153 1010 1220 dubito
1055 1155 1204 1237 quid
1249 1155 1415 1235 agis;
1461 1174 1612 1219 cave
1660 1173 1737 1219 ne
1765 1156 1829 1220 in
1852 1154 2103 1220 turbam
2147 1162 2214 1219 te
2254 1153 2590 1234 implices.“
2614 1152 2666 1233 ⁴)

454 1257 553 1323 Ab
598 1259 809 1324 uxoris
850 1261 1243 1326 immanitate
1286 1280 1399 1326 rex
1441 1259 1772 1325 abhorret:
1818 1261 2068 1340 Moriar,
2114 1261 2332 1342 inquit,

671 1368 1073 1450 „priusquam
1114 1367 1320 1434 infans
1360 1368 1603 1433 facinus
1647 1367 1809 1434 oculi
1855 1373 2194 1433 vescuntur
2237 1367 2385 1432 tui.“
2419 1367 2469 1449 ⁵)

621 1472 902 1537 Tandem
946 1474 1268 1540 convictus
1311 1473 1608 1539 Phrixum
1653 1474 1957 1540 sacrificio
1998 1474 2294 1553 destinat,
2351 1473 2517 1538 hunc
2560 1490 2671 1536 au-

461 1584 587 1642 tem
631 1578 799 1643 aries
842 1579 1070 1645 aufert.
1161 1581 1320 1645 Tum
1363 1579 1650 1662 Nephele
1707 1565 2016 1645 rationem
2069 1581 2279 1662 exigit.
2368 1579 2670 1645 Athamas

462 1685 681 1766 culpae
726 1684 843 1750 sibi
888 1687 1171 1753 conscius
1213 1693 1482 1753 mortem
1526 1707 1648 1753 non
1687 1693 1970 1753 recusat:

680 1795 893 1876 „cuius
937 1795 1021 1861 sit
1066 1797 1200 1861 vit-a
1251 1795 1561 1861 indecoris
1616 1802 1885 1860 mortem
1940 1794 2161 1875 fugere
2223 1800 2472 1876 turpem
2517 1794 2674 1859 haut

2235 1900 2582 1966 convenit.“
2615 1902 2673 1975 θ)

460 2005 861 2086 Intellegitur
905 2026 973 2072 se
1015 2006 1442 2073 misericordia
1482 2007 1804 2087 indignum
1848 2025 2024 2073 esse:

679 2118 907 2195 „atque
950 2114 1042 2179 ita
1084 2113 1164 2179 de
1207 2114 1332 2179 illis
1375 2115 1595 2192 merui,
1642 2119 1715 2178 ut
1755 2114 1895 2179 iure
1938 2113 2094 2178 haec
2138 2132 2453 2196 nunquam
2491 2113 2676 2177 mise-

2105 2225 2325 2284 rarent
2366 2219 2590 2283 mala.“
2617 2217 2669 2301 ⁷)

464 2325 794 2390 Postremo
832 2323 911 2389 ab
952 2325 1226 2391 Hercule
1268 2325 1603 2408 liberatur,
1668 2327 1768 2392 cui
1819 2333 1886 2391 et
1927 2327 2046 2408 ipsi
2091 2345 2160 2391 se
2202 2330 2490 2406 praestat
2530 2343 2674 2405 poe-

463 2432 804 2498 nitentem:

678 2542 957 2625 „veritus
997 2559 1135 2608 sum
1179 2540 1454 2608 arbitros
1493 2546 1686 2625 atque
1730 2540 1970 2606 utinam
2000 2546 2235 2608 memet
2261 2541 2494 2623 possim
2522 2538 2675 2605 obli-

2306 2646 2600 2713 viscierl“
2626 2650 2678 2726 ⁸)

1487 2845 1541 2929 g.
1587 2847 1646 2911 2.

633 3021 774 3088 Non
796 3022 978 3088 modo
1001 3023 1406 3102 Graecorum,
1450 3023 1562 3089 sed
1593 3023 1783 3088 etiam
1807 3023 2227 3088 Romanorum
2249 3026 2476 3103 poetae
2503 3017 2680 3100 lyrici

469 3126 684 3192 Phrixi
725 3129 1065 3212 Hellesque
1121 3135 1327 3196 sortes
1391 3128 1470 3193 ad
1533 3129 1901 3195 exornanda
1964 3126 2244 3193 carmina
2308 3130 2680 3191 convertere

469 3235 808 3301 sciverunt.
1126 3316 1133 3319 -

636 3342 831 3408 Velut
889 3343 1117 3409 Sextus
1182 3343 1668 3426 Propertius
1731 3360 1801 3407 se
1864 3340 2092 3406 vidisse
2151 3339 2243 3405 ait
2307 3338 2408 3421 „in
2450 3333 2683 3401 somnis

470 3447 713 3515 fracta“
757 3449 1022 3515 amicam
1058 3449 1311 3534 „carina

615 3678 677 3763 2)
713 3694 849 3749 Non.
890 3695 1012 3761 315,
1053 3696 1119 3750 18
1156 3694 1245 3763 (fr.
1285 3693 1367 3748 VI
1406 3710 1513 3749 sec.
1554 3693 1820 3751 Ribbeck.
1860 3690 2224 3764 Tragicorum
2262 3687 2560 3743 latinorum
2600 3700 2685 3741 re-

472 3789 694 3859 liquiae,
733 3789 955 3858 Lipsiae
997 3790 1170 3860 1871).

621 3904 677 3968 3)
717 3902 856 3958 Non.
893 3902 1016 3973 324,
1057 3904 1087 3958 1
1129 3903 1220 3974 (fr.
1258 3904 1381 3970 IV).

617 3997 676 4068 4)
714 3998 852 4052 Non.
891 3997 1015 4064 524,
1051 3999 1122 4052 25
1158 3999 1247 4069 (fr.
1286 3998 1413 4068 III).

618 4093 676 4163 5)
717 4093 852 4148 Non.
890 4094 976 4162 56,
1020 4094 1084 4148 12
1124 4094 1215 4160 (fr.
1252 4095 1325 4160 Ι).

621 4192 676 4256 6)
713 4189 851 4246 Non.
888 4189 1010 4259 489,
1052 4191 1079 4243 1
1121 4189 1213 4259 (fr.
1251 4188 1344 4259 V).

623 4288 679 4352 7)
717 4284 855 4339 Non.
891 4284 1013 4354 470,
1052 4285 1123 4338 22
1161 4283 1250 4355 (fr.
1290 4283 1444 4354 VH).

621 4384 678 4450 8)
716 4381 856 4435 Non.
897 4379 1018 4448 500,
1060 4379 1089 4435 1
1130 4378 1220 4448 (fr.
1256 4377 1355 4447 II).

3195 898 3214 953 fl

3195 978 3216 1095 [5

3195 1104 3218 1189 Ψ]

3195 1210 3220 1305 ἱ]

3197 1322 3222 1387 Ji
