3259 5042
1408 363 1825 433 -213-„2

504 540 681 621 illud,
723 539 890 623 quod
946 540 1117 606 inter
1160 538 1471 606 Troadem
1529 545 1596 605 et
1645 540 2149 607 Chersonnesum
2191 541 2554 624 porrigitur,
2628 540 2744 609 sed

504 654 711 716 totum
753 667 930 715 mare
974 649 1298 730 Aegaeum
1338 646 1816 731 intelligebatur
1841 652 1913 731 ⁹).
2002 651 2140 728 Quo
2183 650 2369 715 Helle
2412 651 2731 723 cumflsole

495 754 805 824 occidenti
871 755 1149 838 quotidie
1218 755 1566 838 delabitur,
1639 755 1804 821 unde
1862 755 2032 821 fama
2086 755 2336 822 ferebat
2391 775 2531 823 eam
2578 777 2718 824 cum

500 864 796 945 Neptuno
838 862 1306 929 matrimonium
1352 862 1585 929 iniisse.

545 979 551 1038 ζ
662 968 974 1035 Athamas
1036 973 1137 1034 est
1237 968 1394 1035 deus
1440 969 1738 1034 aetheris.
1828 970 1943 1035 Cui
2007 977 2207 1052 nupta
2266 972 2570 1054 Nephele,
2642 973 2763 1041 dea

530 1073 826 1156 nubium,
875 1074 981 1143 ubi
1026 1075 1368 1157 disparuit,
1420 1076 1555 1157 agri
1598 1075 1885 1142 siccitate
1931 1075 2238 1143 laborant.
2323 1078 2500 1145 Haec
2543 1084 2618 1144 ut
2657 1100 2758 1146 re-

527 1187 893 1262 moveatur,
959 1189 1264 1265 quantum
1308 1182 1604 1248 valebant
1644 1182 2023 1250 Phoenicum
2067 1187 2249 1267 ritus,
2314 1187 2420 1269 qui
2459 1206 2576 1269 per
2617 1189 2758 1255 Ino-

518 1307 665 1354 nem
693 1294 1284 1371 repraesentantur,
1326 1289 1610 1356 homines
1653 1296 1847 1373 atque
1895 1290 2053 1359 adeo
2095 1292 2265 1374 ipsos
2306 1293 2476 1375 regis
2517 1293 2753 1363 liberos

525 1396 793 1463 mactari
834 1397 1065 1479 placet.

688 1504 843 1570 Eius
887 1501 1355 1571 consuetudinis
1411 1503 1683 1585 vestigia
1744 1505 1938 1570 etiam
1978 1505 2127 1571 belli
2170 1506 2405 1573 Persici
2446 1508 2747 1590 tempori-

502 1608 632 1677 ·bus
653 1612 734 1691 ²⁰)
775 1616 843 1675 et
883 1609 949 1675 in
991 1609 1314 1691 Sophoclis
1357 1610 1742 1676 Athamante
1784 1612 2206 1678 inveniuntur.

689 1716 931 1782 Fabula
972 1716 1247 1783 Phrixea
1288 1716 1366 1783 ab
1403 1717 1836 1783 Orchomeniis
1876 1718 2271 1798 potissimum
2316 1718 2752 1801 effingebatur.

532 1822 697 1889 Jolci
720 1826 802 1899 11)
847 1828 1068 1888 contra
1104 1823 1298 1889 Jason
1345 1821 1673 1888 colebatur
1717 1823 1872 1888 deus
1916 1822 2213 1904 aetheris,
2259 1825 2371 1889 sed
2414 1826 2521 1907 qui
2558 1825 2757 1891 nubes

525 1947 650 1995 non
692 1928 892 2010 fugat,
933 1927 1049 1995 sed
1091 1928 1297 1995 refert
1334 1912 1463 1994 'una
1508 1947 1651 1994 cum
1693 1928 1940 2010 Medea,
1985 1930 2104 1996 dea
2146 1929 2423 1997 nubium.

452 2121 464 2131 ι
678 2038 771 2104 Ut
809 2035 1008 2119 igitur
1044 2035 1154 2102 illa
1193 2043 1446 2118 tempus
1488 2037 1800 2103 aestivum
1819 2088 1836 2117 ,
1906 2038 1999 2102 ita
2057 2036 2177 2103 hac
2231 2035 2448 2103 fabula
2488 2043 2741 2120 tempus

512 2140 805 2208 imbrium
848 2142 1145 2224 sigificari
1188 2143 1340 2208 mihi
1384 2144 1667 2210 videtur.-

675 2249 856 2314 Idem
899 2255 1090 2332 atque
1132 2251 1173 2315 J
1176 2269 1328 2316 ason
1388 2256 1487 2316 est
1529 2253 1739 2317 Aeson
1783 2250 1940 2316 deus
1957 2303 1971 2330 ,
2045 2252 2153 2333 qui
2209 2268 2394 2332 agros
2436 2250 2740 2318 imbribus

509 2354 853 2438 frugiferos
895 2355 1123 2435 reddit,
1144 2356 1278 2421 .sed
1327 2375 1365 2421 a
1410 2357 1582 2421 Pelia
1600 2408 1614 2436 ,
1682 2356 1801 2422 deo
1848 2358 2107 2437 marino,
2154 2357 2398 2436 eicitur,
2464 2357 2527 2422 id
2571 2357 2736 2440 quod

515 2461 596 2527 ad
640 2462 888 2545 Minyas
942 2481 1020 2527 ex
1074 2463 1367 2544 agricolis
1421 2470 1649 2531 nautas
1699 2463 1901 2530 factos
1958 2463 2364 2531 referendum
2425 2483 2564 2530 esse
2610 2466 2739 2530 exi-

508 2569 714 2635 stimo.
2629 2580 2635 2584 ’

676 2677 1020 2743 Posterius
1057 2678 1099 2744 J
1100 2696 1254 2744 ason
1311 2677 1643 2744 divinitate
1708 2679 1993 2760 privatus
2057 2683 2189 2742 tam
2251 2690 2428 2743 arcte
2491 2676 2741 2744 casibus

516 2787 1025 2865 Argonautarum
1096 2782 1569 2865 implicabatur,
1642 2790 1717 2849 ut
1780 2801 1906 2847 non
1982 2784 2110 2848 iam
2173 2782 2375 2864 possit
2445 2783 2738 2864 disiungi.

515 2889 908 2971 Quamquam
955 2907 1063 2969 ea,
1135 2907 1297 2970 quae
1359 2908 1398 2954 a
1443 2889 1671 2953 Medea
1714 2889 1779 2953 in
1822 2888 2092 2953 Graecia
2135 2895 2320 2970 gesta
2361 2895 2511 2954 sunt
2553 2888 2736 2970 eique

511 2995 896 3075 acciderunt,
939 2994 1019 3060 ab
1057 2997 1197 3076 ipsa
1240 2995 1635 3077 expeditione
1678 3013 2020 3061 secernam.

1541 3176 1594 3259 §-
1638 3180 1697 3242 4.

681 3331 1190 3412 Argonautarum
1235 3331 1549 3413 expeditio
1589 3333 1716 3397 iam
1759 3331 2208 3414 antiquissimis
2251 3328 2642 3411 temporibus
2683 3328 2749 3394 in

512 3455 624 3502 ore
665 3436 987 3502 hominum
1029 3446 1222 3520 atque
1265 3437 1424 3504 adeo
1466 3438 1752 3504 versibus
1795 3436 2116 3513 celebrata
2161 3442 2320 3515 erat,
2393 3454 2556 3517 quae
2600 3453 2735 3500 car-

511 3543 683 3608 mina
723 3543 899 3609 novit
939 3549 1006 3609 et
1046 3545 1380 3610 Homerus.
1466 3544 1593 3610 Sed
1635 3543 1972 3624 diligenter
2013 3544 2163 3610 Ilias
2206 3530 2274 3608 et
2316 3542 2603 3624 Odyssea
2641 3540 2736 3605 in-

497 3654 616 3715 -ter
659 3668 728 3716 se
773 3651 1256 3733 distinguendae
1300 3661 1469 3721 sunt.
1557 3653 1698 3719 Illic
1763 3653 1929 3717 enim
1979 3656 2508 3739 commemoratur
2550 3651 2734 3716 Lem-

507 3757 650 3824 nius
691 3757 969 3840 Euneus,
1041 3777 1232 3841 quem
1275 3759 1599 3841 Hypspyle
1665 3778 1741 3824 ex
1804 3759 2037 3824 Jasone
2100 3757 2369 3840 peperit,
2441 3757 2506 3822 id
2569 3757 2740 3839 quod
2789 3797 2794 3802 -

657 3984 714 4073 e)
754 4005 882 4063 vide
918 3986 1101 4079 strab.
1139 4007 1266 4076 vn,
1304 4007 1509 4078 fragm.
1546 4004 1823 4065 Par-vat.
1862 4008 1950 4064 57.

660 4101 750 4169 ιο)
793 4101 993 4158 Herod.
1033 4102 1162 4171 vn,
1204 4102 1333 4169 1973
1375 4098 1443 4156 ef.
1483 4098 1632 4158 plat.
1667 4101 1799 4157 Min.
1837 4101 1945 4156 315
1984 4101 2043 4155 c.

661 4196 751 4265 11)
789 4196 896 4251 Est
934 4197 1073 4251 haec
1109 4196 1292 4265 prisca
1312 4197 1622 4266 Minyarum
1662 4197 1835 4265 sedeS,
1874 4213 1988 4273 nou·
2007 4201 2072 4251 ut
2092 4195 2353 4252 Straboni
2390 4196 2511 4265 (IX,
2550 4197 2601 4264 2,
2639 4193 2730 4255 40>

525 4289 812 4360 probatur,
872 4290 1087 4345 colonia
1129 4290 1467 4346 Orchomeno
1508 4291 1764 4346 deducta.
1843 4291 1985 4349 conf
2037 4272 2215 4364 agon.
2255 4290 2429 4351 Rhea.
2467 4291 2576 4362 111,
2617 4289 2755 4348 1093

534 4401 682 4455 sqq.;
721 4385 888 4442 schol.
938 4386 1104 4460 Apou
1157 4385 1332 4446 Rhod.
1373 4387 1419 4460 Ι,
1457 4385 1590 4455 2303
1632 4386 1751 4447 763,
2073 4367 2077 4372 ’
