3259 5042
1503 294 1918 372 -20-

764 467 928 534 Item
969 468 1370 550 genealogias
1423 468 1677 552 scripsit
1732 470 1928 537 Asiu
1947 489 1979 538 s
2022 471 2335 559 Samius
2356 472 2459 555 ³4),
2527 470 2638 554 qui
2678 470 2827 555 quia

602 579 669 640 et
726 575 1006 640 numeris
1077 575 1372 657 elegiacis
1431 576 1757 659 utebatur,
1830 598 1983 661 quos
2054 579 2237 646 modo
2288 579 2565 645 Callinus
2635 579 2822 651 modo

600 681 1014 749 Archilochus
1080 682 1396 749 invenisse
1469 682 1717 765 dicitur,
1790 684 2333 751 Marckscheffelio
2357 687 2436 766 3⁵)
2503 705 2691 753 recen
2700 685 2825 752 tior

603 788 971 871 Olympiade
1013 790 1193 855 XXX
1237 808 1376 856 esse
1418 789 1688 856 videtur.

768 931 841 996 In
913 932 1048 997 eius
1111 931 1490 999 carminibus
1551 952 1692 999 cum
1747 896 1981 999 'Ptoum
2044 932 2244 999 filium
2302 932 2705 999 Athamantis
2762 938 2829 999 et

605 1035 1024 1102 Themistonis
1064 1036 1301 1103 dictum
1345 1057 1485 1104 esse
1544 1039 1890 1105 Pausanias
1914 1041 1993 1122 33)
2047 1038 2293 1105 referat
2308 1091 2323 1120 ,
2396 1040 2589 1105 etiam
2630 1039 2828 1105 Atha-

604 1151 898 1208 manteae
940 1143 1157 1225 stirpis
1201 1146 1634 1229 genealogiam
1676 1145 2078 1227 explanatam
2102 1165 2242 1212 esse
2272 1146 2427 1212 mihi
2455 1145 2825 1228 persuade0,

604 1248 671 1313 in
715 1266 840 1330 qua
884 1248 1150 1315 Phrixus
1192 1250 1414 1316 deesse
1454 1270 1580 1317 non
1621 1253 1845 1333 potuit.
1932 1251 2319 1334 Fragmenta
2361 1270 2513 1317 sane
2547 1251 2827 1318 uoniam

606 1361 950 1438 supersunt
990 1356 1113 1422 huc
1155 1357 1528 1439 spectantia.

774 1497 1043 1564 Praeter
1083 1505 1303 1581 poetas
1345 1500 1784 1582 genealogicos
1825 1501 2105 1568 fabulam
2133 1502 2472 1568 Phrixeam
2501 1501 2659 1583 epici
2700 1519 2831 1566 om-

608 1624 725 1673 nes
789 1607 1229 1688 neglexerunt.
1314 1607 1801 1689 Apollonius
1867 1628 2114 1694 quoque
2173 1608 2573 1688 Rhodius,
2645 1626 2834 1691 quem

610 1712 1034 1778 Alexandriae
1076 1719 1298 1779 natum
1352 1732 1491 1780 esse
1533 1713 1745 1797 ibique
1789 1715 2242 1781 Callimachum
2296 1715 2570 1779 audiisse
2610 1712 2836 1780 Suidas

615 1826 681 1884 et
744 1818 1068 1902 biographi
1131 1819 1448 1887 affirmant
1461 1873 1476 1901 ,
1549 1822 1749 1887 solam
1808 1823 2316 1905 Argonautarum
2372 1820 2836 1901 expeditionem

615 1925 976 1993 celebravit.
1064 1928 1240 2006 Quae
1282 1928 1431 2010 quia
1473 1947 1614 1995 cum
1657 1928 1871 1994 Phrixi
1912 1929 2065 2012 fuga
2106 1928 2459 1994 arctissime
2502 1926 2835 1993 coniuncta

617 2051 756 2099 esse
787 2033 1186 2114 credebatur,
1230 2035 1526 2099 nonnulla
1545 2035 1906 2117 immiscuit,
1950 2034 2175 2119 quibus
2204 2035 2538 2115 indicatur,
2584 2034 2835 2117 qualem

617 2138 882 2205 formam
925 2139 1176 2206 fabulae
1199 2140 1511 2206 Phrixeae
1554 2141 1617 2206 in
1663 2143 1870 2208 animo
1911 2141 2225 2211 habuerit.
2311 2143 2487 2207 Haec
2528 2140 2664 2206 fere
2706 2144 2836 2212 est:

783 2265 1108 2360 Athamas,
1150 2283 1330 2349 Aeoli
1371 2282 1538 2348 filius
1560 2285 1661 2367 ³⁷),
1734 2303 1846 2349 rex
1889 2290 2029 2350 erat
2071 2282 2448 2350 Orchomeni
2473 2285 2573 2363 33),
2649 2299 2840 2364 quam

621 2385 843 2453 urbem
912 2388 1157 2470 Minyas
1226 2390 1267 2454 J
1270 2389 1405 2455 olco
1471 2389 1794 2472 profectus
1854 2389 2224 2459 condiderat
2244 2391 2346 2471 33).
2452 2389 2646 2456 Cuius
2708 2387 2835 2454 filio

622 2493 852 2560 Phrixo
873 2493 956 2579 4⁰)
1000 2513 1271 2561 noverca
1310 2495 1568 2562 insidias
1608 2497 1830 2564 molita
1874 2496 2113 2578 effecit,
2168 2502 2242 2563 ut
2281 2496 2340 2563 is
2379 2493 2686 2563 sacrificio
2726 2494 2834 2561 de-

766 2773 858 2843 34)
895 2773 1136 2830 Pausan.
1174 2775 1418 2846 (recogn.
1455 2775 1752 2846 Schubart)
1789 2776 1888 2845 IV,
1928 2777 1977 2845 2,
2020 2777 2081 2845 13
2117 2775 2324 2857 Athen.
2360 2775 2452 2830 111
2488 2793 2540 2845 p.
2584 2774 2689 2829 125
2724 2774 2786 2829 B.

767 2886 861 2958 35)
898 2888 1030 2943 Hes„
1066 2887 1131 2942 fr.
1170 2904 1302 2958 pag.
1344 2888 1466 2944 260.

767 2999 860 3071 36)
897 2999 996 3069 IX,
1033 3000 1119 3070 23,
1157 3001 1205 3056 6.

769 3113 860 3183 37)
899 3114 1006 3181 ΙΙΙ,
1044 3114 1176 3169 360:
1218 3110 1388 3186 ἄμφω
1423 3108 1534 3186 γάρ
1573 3109 1833 3187 Κρηθεῦς
1868 3108 2138 3185 Ἀθάμας
2173 3111 2220 3167 τ’
2257 3119 2399 3168 ἔσαν
2433 3110 2649 3169 Αἰόλου
2686 3106 2820 3173 υἷες.

772 3228 864 3300 38)
925 3229 1002 3299 ΙΙ,
1042 3229 1176 3283 654;
1217 3222 1427 3282 ὁππόθ’
1467 3222 1584 3300 ἅμα
1621 3231 1761 3301 κριῷ
1796 3231 1974 3300 φεῦγε
2010 3225 2212 3283 πτόλιν
2253 3226 2628 3301 Ὀρχομενοῖο.

1009 3325 1176 3379 1184;
1669 3320 1910 3399 πάρεστι
1948 3325 2008 3379 δὲ
2042 3323 2200 3395 τῆσδ’
2238 3326 2328 3380 ἐπὶ
2366 3323 2500 3395 νηὸς
2688 3331 2694 3339 “

1215 3425 1354 3474 ἔνθα
1388 3420 1484 3473 καὶ
1518 3423 1660 3474 ἔνθα
1696 3424 1944 3484 νέεσθαι,
1986 3414 2093 3495 ὅπῃ
2131 3422 2319 3493 φίλον,
2360 3424 2472 3474 εἴτε
2505 3415 2627 3492 μετ’
2664 3413 2823 3474 Αἶαν

1186 3572 1191 3579 ,
1223 3520 1333 3569 εἴτε
1367 3511 1490 3586 μετ’
1529 3512 1773 3587 ἀφνειὴν
1806 3521 1965 3569 θείου
2000 3516 2171 3570 πόλιν
2201 3513 2574 3591 Ὀρχομενοῖο.

900 3610 1008 3680 ΙΙΙ,
1048 3612 1180 3665 265:
1676 3614 1731 3663 τί
1770 3611 1827 3664 δὲ
1861 3628 1961 3664 κεν
1994 3607 2162 3664 πόλιν
2194 3607 2570 3685 Ὀρχομενοῖο,

1223 3701 1376 3768 ὅστις
1416 3701 1498 3761 ὅδ’
1531 3703 1897 3781 Ὀρχομενός,
1934 3706 2185 3761 κτεάνων
2217 3704 2570 3779 Ἀθάμαντος
2606 3708 2751 3777 ἕκητι

1218 3799 1407 3876 μητέρ’
1448 3799 1544 3872 ἑὴν
1580 3798 1864 3872 ἀχέουσαν
1900 3798 2384 3875 ἀποπρολιπόντες
2418 3804 2671 3869 ἵκοισθε,-

777 3918 870 3989 39)
907 3918 1014 3985 ΙΙΙ,
1056 3917 1221 3972 1091:
1261 3922 1323 3970 ἐν
1357 3912 1410 3969 δ’
1449 3912 1588 3985 αὐτὴ
1622 3912 1878 3977 Ἰαωλκός
1916 3953 1931 3969 .
1972 3952 1989 3969 .
2030 3953 2046 3968 .

1062 4012 1228 4065 1093:
1419 4049 1426 4056 -
1724 4009 1952 4080 Μινύην
1984 4028 2051 4083 γε
2085 4011 2192 4083 μὲν
2230 4003 2567 4084 ὅρμηθέντα,

1258 4104 1531 4174 Αἰολίδην
1569 4101 1796 4175 Μινύην
1831 4110 1998 4160 ἔνθεν
2034 4101 2204 4178 φάτις
2237 4102 2604 4180 Ὀρχομενοῖο

1266 4200 1334 4272 δὴ
1370 4219 1506 4255 ποτε
1539 4200 1917 4273 Καδμείοισιν
1955 4196 2224 4275 ὁμούριον
2263 4198 2403 4254 ἄστυ
2439 4203 2724 4256 πολίσσαι.

780 4315 876 4383 40)
912 4316 1021 4384 ΙΙΙ,
1060 4315 1197 4370 361:
1241 4318 1448 4388 Φρίξος
1486 4311 1538 4368 d*
1575 4307 1697 4369 αὖτ’
1733 4310 2083 4386 Ἀθάμαντος
2119 4318 2219 4390 ἔην,
2250 4310 2388 4376 πάις
2421 4313 2711 4369 Αἰολίδαο.
