3259 5042
1350 355 1755 420 ...31-

447 532 957 616 prohiberentur.
1051 534 1290 600 Lucum
1355 551 1507 601 vero
1575 534 1745 600 tauri
1801 534 2016 617 ignem
2076 539 2423 614 vomentes,
2488 533 2676 600 draco

449 643 653 709 vellus
691 642 1105 710 custodiebat.

616 750 1056 816 Pausanias
1098 768 1344 833 quoque
1387 749 1707 816 interdum
1749 751 1912 814 hanc
1954 748 2232 816 fabulam
2276 750 2523 831 attigit:

614 856 948 937 Athamas,
1022 857 1199 923 Aeoli
1242 857 1407 922 filius
1431 857 1512 942 ³4)
1533 909 1547 937 ,
1622 856 1921 921 Phrixum
1967 863 2035 923 et
2077 856 2307 923 Hellen
2350 875 2489 923 cum
2534 856 2676 922 Jovi

448 960 796 1045 Laphystio
837 969 1234 1030 mactaturus
1277 954 1467 1041 esset,
1526 963 1694 1030 aries
1736 982 1931 1029 aureo
1989 962 2223 1028 vellere
2266 962 2595 1044 praeditus
2636 981 2675 1026 a

449 1069 609 1134 Jove
676 1067 893 1135 liberis
960 1069 1190 1135 missus
1261 1074 1391 1150 est,
1459 1071 1524 1134 in
1598 1089 1722 1152 quo
1797 1069 2096 1137 sedentes
2161 1068 2547 1150 aufugerunt
2571 1066 2672 1150 33).

451 1175 722 1241 Phrixus
767 1175 876 1240 ubi
917 1175 1000 1240 ad
1042 1175 1304 1243 Colchos
1344 1176 1637 1258 pervenit
1654 1228 1669 1255 ,
1713 1182 1992 1242 mactato
2034 1175 2236 1241 ariete
2258 1177 2339 1257 33)
2375 1182 2673 1257 receptus

452 1302 528 1346 ex
571 1281 813 1347 Aeetae
856 1281 984 1347 filia
1030 1281 1411 1348 Presbonem
1466 1283 1707 1365 genuit.
1794 1282 2026 1349 Postea
2080 1282 2182 1347 hic
2236 1286 2350 1347 aut
2404 1268 2673 1347 Phrixus

453 1388 585 1469 ipse
625 1387 692 1452 in
733 1388 1006 1469 patriam
1049 1388 1242 1454 rediit
1262 1391 1366 1468 ³⁷).

617 1493 853 1559 Verum
897 1494 1204 1561 Athamas
1244 1514 1387 1561 cum
1442 1494 1672 1561 famem
1715 1494 2145 1562 Orchomeniis
2205 1515 2326 1561 non
2371 1496 2674 1562 divinitus

457 1598 751 1665 accidisse
806 1619 923 1665 nec
976 1600 1192 1666 Phrixi
1244 1601 1603 1668 immolandi
1660 1602 2018 1681 consilium,
2090 1600 2205 1667 sed
2245 1602 2503 1669 Inonem
2546 1601 2670 1684 pri-

455 1706 652 1785 vignis
716 1706 1075 1773 insidiatam
1141 1725 1282 1773 esse
1344 1708 1788 1789 comperisset,
1825 1709 1995 1784 ,eius
2056 1708 2253 1774 filium
2315 1707 2671 1774 Learchum

447 1812 713 1892 necavit,
757 1813 895 1895 ipsa
937 1819 1152 1880 autem
1197 1834 1338 1881 cum
1360 1801 1718 1895 Melicerta,
1762 1814 1888 1881 filio
1917 1821 2072 1881 natu
2094 1814 2354 1894 minore,
2397 1815 2461 1880 in
2492 1834 2669 1912 mare

445 1936 516 1984 se
557 1921 999 2002 praecipativit
1020 1922 1119 2005 ³⁸).

615 2025 1006 2108 Quamquam
1027 2027 1397 2094 referuntur
1419 2028 1632 2106 etiam,
1662 2046 1825 2111 quae
1855 2027 1962 2093 alii
2004 2034 2282 2109 censent,
2323 2028 2667 2093 Athaman-

444 2136 574 2197 tem
618 2133 898 2198 amentia
934 2140 1189 2216 raptum
1226 2134 1342 2200 hoc
1385 2133 1630 2201 facinus
1672 2134 2055 2201 commisisse
2078 2135 2179 2219 ³⁸).

610 2238 875 2305 Insidias
917 2258 1226 2307 novercae
1284 2240 1482 2306 tritici
1538 2240 1877 2307 seminibus
1925 2241 2110 2307 tostis
2165 2241 2342 2307 nixas
2394 2260 2533 2306 esse
2589 2259 2666 2305 ex

442 2364 518 2410 eo
562 2344 773 2411 nescio
814 2364 894 2411 an
938 2347 1144 2428 colligi
1184 2349 1403 2430 possit,
1447 2346 1611 2430 quod
1656 2347 1984 2430 Epidaurii
2021 2348 2381 2430 Spartiatae
2405 2349 2664 2413 Inonem

444 2450 710 2534 panibus
756 2451 1122 2519 hordeaceis
1162 2452 1454 2520 colebant
1479 2452 1578 2537 33).

608 2558 783 2637 Quae
825 2578 1028 2640 pauca
1065 2559 1146 2625 ad
1187 2559 1528 2627 ludibrium
1571 2580 1607 2626 e
1651 2560 1867 2626 Phrixi
1909 2559 2123 2626 fabula
2163 2561 2663 2645 Lucianus40)

438 2663 645 2746 affert,
686 2666 845 2731 haec
886 2671 1067 2733 sunt:

606 2771 1011 2839 Athamantis
1053 2772 1499 2856 Nephelesque
1540 2773 1742 2852 liberi,
1784 2772 2053 2839 Phrixus
2098 2780 2165 2840 et
2205 2774 2412 2856 Helle,
2457 2775 2522 2839 in
2552 2794 2663 2840 au-

439 2896 551 2943 reo
592 2878 793 2944 ariete
835 2878 1134 2945 sedentes
1189 2897 1304 2961 per
1347 2886 1561 2946 aerem
1606 2879 1993 2962 aufugerunt
2016 2881 2113 2959 41).
2202 2879 2389 2945 Helle
2431 2878 2663 2948 decidit

437 2983 504 3048 in
544 2983 781 3050 fretum
799 3035 814 3064 ,
886 2984 1050 3067 quod
1103 2985 1250 3052 inde
1305 3006 1533 3053 nomen
1585 2986 1783 3052 habet
1823 2986 2240 3069 Hellesponti,
2312 3006 2661 3069 corpusque

439 3089 575 3155 eius
615 3091 679 3154 in
737 3089 924 3157 litore
981 3093 1298 3174 sepultum
1352 3098 1469 3159 est.
1558 3092 1829 3159 Phrixus
1882 3099 2098 3158 autem
2155 3092 2483 3160 incolumis
2536 3094 2662 3158 iter

437 3196 718 3277 perrexit
738 3198 837 3278 42).

581 3426 675 3498 34)
713 3428 843 3497 VH,
882 3429 933 3495 3,
970 3430 1020 3485 6.

582 3524 673 3594 35)
711 3525 813 3593 ΙΧ,
850 3525 937 3596 34,
977 3527 1028 3581 5.

580 3619 673 3691 36)
712 3620 1034 3694 Laphystio,
1097 3628 1164 3678 ut
1218 3623 1443 3680 videtur
1496 3626 1831 3695 Pausaniae,
1892 3629 1986 3697 qui
2043 3628 2099 3685 in
2153 3646 2280 3685 arce
2332 3630 2659 3687 Atheniensi

440 3717 691 3770 statuam
729 3717 1019 3786 conspexit
1055 3717 1248 3774 Phrixi
1285 3719 1679 3776 sacrificantis:
1717 3723 1762 3793 I,
1802 3723 1891 3791 24,
1930 3726 1980 3779 2.

580 3810 672 3877 37)
710 3812 809 3882 ΙΧ,
856 3812 943 3882 34,
981 3815 1031 3868 8.
1106 3813 1440 3871 Presbonem
1496 3816 1748 3885 quintum
1813 3820 1882 3875 ab
1934 3819 2347 3890 Epimenide
2406 3822 2656 3877 additum

437 3919 559 3960 esse
592 3905 893 3963 scholiasta
926 3908 1166 3964 adnotat
1202 3909 1274 3964 ad
1311 3910 1490 3980 Apoll.
1530 3912 1704 3968 Rhod.
1743 3913 1821 3983 II,
1862 3916 2020 3972 1122.

578 4000 670 4066 38)
706 3999 753 4069 I,
790 4000 878 4072 44,
919 4001 972 4058 7.

578 4095 677 4165 39)
713 4094 820 4167 111,
858 4096 946 4168 23,
986 4099 1038 4154 8.

578 4189 672 4261 40)
710 4189 945 4248 Luciani
981 4193 1387 4251 samosatensis
1423 4213 1590 4267 opera
1629 4215 1698 4254 ex
1722 4214 1829 4256 rec.
1870 4200 1926 4255 C.
1949 4201 2225 4271 Jacobitz,
2263 4202 2412 4276 Lips.
2440 4205 2652 4273 185213.

577 4284 670 4353 41)
710 4286 778 4341 de
816 4287 945 4341 salt.
982 4286 1078 4358 42;
1120 4288 1189 4344 de
1224 4293 1365 4347 astr.
1405 4291 1491 4349 14.

576 4378 666 4450 42)
702 4380 831 4436 dial.
874 4398 1009 4438 mar.
1046 4383 1098 4454 9,
1140 4383 1187 4439 1.
