<?xml version="1.0" encoding="UTF-8"?>
<!DOCTYPE html PUBLIC "-//W3C//DTD XHTML 1.0 Transitional//EN"
    "http://www.w3.org/TR/xhtml1/DTD/xhtml1-transitional.dtd">
<html xmlns="http://www.w3.org/1999/xhtml" xml:lang="en" lang="en">
 <head>
  <title>
</title>
<meta http-equiv="Content-Type" content="text/html;charset=utf-8" />
  <meta name='ocr-system' content='tesseract 3.04.00' />
  <meta name='ocr-capabilities' content='ocr_page ocr_carea ocr_par ocr_line ocrx_word'/>
</head>
<body>
  <div class='ocr_page' id='page_1' title='image "./deargonautarumf00kenngoog_0055.png"; bbox 0 0 3259 5042; ppageno 0'>
   <div class='ocr_carea' id='block_1_1' title="bbox 1392 390 1804 455">
    <p class='ocr_par' dir='ltr' id='par_1_1' title="bbox 1392 390 1804 455">
     <span class='ocr_line' id='line_1_1' title="bbox 1392 390 1804 455; baseline 0 -18"><span class='ocrx_word' id='word_1_1' title='bbox 1392 390 1804 455; x_wconf 47' lang='grc' dir='ltr'><strong>...Μ-κ</strong></span> 
     </span>
    </p>
   </div>
   <div class='ocr_carea' id='block_1_2' title="bbox 484 563 2715 971">
    <p class='ocr_par' dir='ltr' id='par_1_2' title="bbox 484 563 2715 971">
     <span class='ocr_line' id='line_1_2' title="bbox 486 563 2699 651; baseline -0.001 -18"><span class='ocrx_word' id='word_1_2' title='bbox 486 565 900 649; x_wconf 78' lang='lat' dir='ltr'><strong>Hellesponto</strong></span> <span class='ocrx_word' id='word_1_3' title='bbox 937 565 1178 634; x_wconf 84' lang='lat' dir='ltr'><strong>inditur</strong></span> <span class='ocrx_word' id='word_1_4' title='bbox 1199 564 1301 651; x_wconf 81' lang='lat'><strong>¹⁵),</strong></span> <span class='ocrx_word' id='word_1_5' title='bbox 1341 567 1408 632; x_wconf 88' lang='lat' dir='ltr'><strong>in</strong></span> <span class='ocrx_word' id='word_1_6' title='bbox 1447 565 1833 632; x_wconf 88' lang='lat' dir='ltr'><strong>marinorum</strong></span> <span class='ocrx_word' id='word_1_7' title='bbox 1872 584 2136 633; x_wconf 85' lang='lat' dir='ltr'><strong>numero</strong></span> <span class='ocrx_word' id='word_1_8' title='bbox 2172 563 2524 631; x_wconf 80' lang='lat' dir='ltr'>habebatur</span> <span class='ocrx_word' id='word_1_9' title='bbox 2551 563 2699 630; x_wconf 67' lang='lat' dir='ltr'><strong>deo-2,</strong></span> 
     </span>
     <span class='ocr_line' id='line_1_3' title="bbox 484 671 2698 759; baseline -0.002 -19"><span class='ocrx_word' id='word_1_10' title='bbox 484 694 629 740; x_wconf 91' lang='lat' dir='ltr'><strong>rum</strong></span> <span class='ocrx_word' id='word_1_11' title='bbox 652 674 751 759; x_wconf 75' lang='lat'><strong>¹⁶).</strong></span> <span class='ocrx_word' id='word_1_12' title='bbox 839 673 1020 755; x_wconf 83' lang='lat' dir='ltr'><strong>Quod</strong></span> <span class='ocrx_word' id='word_1_13' title='bbox 1063 692 1204 741; x_wconf 88' lang='lat' dir='ltr'><strong>cum</strong></span> <span class='ocrx_word' id='word_1_14' title='bbox 1247 674 1575 757; x_wconf 86' lang='lat' dir='ltr'><strong>ignoraret</strong></span> <span class='ocrx_word' id='word_1_15' title='bbox 1593 673 1698 757; x_wconf 86' lang='lat'><strong>¹⁷),</strong></span> <span class='ocrx_word' id='word_1_16' title='bbox 1789 691 2018 755; x_wconf 86' lang='lat' dir='ltr'><strong>magno</strong></span> <span class='ocrx_word' id='word_1_17' title='bbox 2062 671 2330 739; x_wconf 89' lang='lat' dir='ltr'><strong>affectus</strong></span> <span class='ocrx_word' id='word_1_18' title='bbox 2369 672 2586 738; x_wconf 87' lang='lat' dir='ltr'><strong>dolore</strong></span> <span class='ocrx_word' id='word_1_19' title='bbox 2615 671 2698 755; x_wconf 80' lang='lat'><strong>¹⁸)</strong></span> 
     </span>
     <span class='ocr_line' id='line_1_4' title="bbox 486 779 2715 863; baseline -0.001 -17"><span class='ocrx_word' id='word_1_20' title='bbox 486 781 756 847; x_wconf 82' lang='lat' dir='ltr'><strong>Phrixus</strong></span> <span class='ocrx_word' id='word_1_21' title='bbox 798 779 905 847; x_wconf 91' lang='lat' dir='ltr'><strong>ubi</strong></span> <span class='ocrx_word' id='word_1_22' title='bbox 932 780 1190 847; x_wconf 87' lang='lat' dir='ltr'><strong>tandem</strong></span> <span class='ocrx_word' id='word_1_23' title='bbox 1219 779 1299 845; x_wconf 88' lang='lat' dir='ltr'><strong>ad</strong></span> <span class='ocrx_word' id='word_1_24' title='bbox 1328 780 1591 846; x_wconf 87' lang='lat' dir='ltr'><strong>Colchos</strong></span> <span class='ocrx_word' id='word_1_25' title='bbox 1618 781 1907 863; x_wconf 86' lang='lat' dir='ltr'><strong>perlatus</strong></span> <span class='ocrx_word' id='word_1_26' title='bbox 1938 786 2039 846; x_wconf 86' lang='lat' dir='ltr'><strong>est</strong></span> <span class='ocrx_word' id='word_1_27' title='bbox 2058 779 2160 863; x_wconf 80' lang='lat'><strong>1⁹),</strong></span> <span class='ocrx_word' id='word_1_28' title='bbox 2204 780 2407 846; x_wconf 85' lang='lat' dir='ltr'><strong>vellus</strong></span> <span class='ocrx_word' id='word_1_29' title='bbox 2435 797 2715 845; x_wconf 66' lang='lat' dir='ltr'><strong>aureum»</strong></span> 
     </span>
     <span class='ocr_line' id='line_1_5' title="bbox 484 884 2712 971; baseline -0.002 -18"><span class='ocrx_word' id='word_1_30' title='bbox 484 889 549 953; x_wconf 90' lang='lat' dir='ltr'><strong>in</strong></span> <span class='ocrx_word' id='word_1_31' title='bbox 602 888 741 954; x_wconf 88' lang='lat' dir='ltr'><strong>luco</strong></span> <span class='ocrx_word' id='word_1_32' title='bbox 804 887 1030 956; x_wconf 88' lang='lat' dir='ltr'><strong>Martis</strong></span> <span class='ocrx_word' id='word_1_33' title='bbox 1052 888 1133 969; x_wconf 86' lang='lat'><strong>2⁰)</strong></span> <span class='ocrx_word' id='word_1_34' title='bbox 1191 906 1228 954; x_wconf 91' lang='lat' dir='ltr'><strong>e</strong></span> <span class='ocrx_word' id='word_1_35' title='bbox 1286 904 1523 970; x_wconf 85' lang='lat' dir='ltr'><strong>quercu</strong></span> <span class='ocrx_word' id='word_1_36' title='bbox 1544 887 1625 971; x_wconf 80' lang='lat'><strong>2¹)</strong></span> <span class='ocrx_word' id='word_1_37' title='bbox 1683 887 1787 952; x_wconf 89' lang='lat' dir='ltr'><strong>vel</strong></span> <span class='ocrx_word' id='word_1_38' title='bbox 1836 905 1989 953; x_wconf 90' lang='lat' dir='ltr'><strong>orno</strong></span> <span class='ocrx_word' id='word_1_39' title='bbox 2011 887 2093 971; x_wconf 89' lang='grc'><strong>22)</strong></span> <span class='ocrx_word' id='word_1_40' title='bbox 2149 884 2576 969; x_wconf 85' lang='lat' dir='ltr'><strong>suspendebat</strong></span> <span class='ocrx_word' id='word_1_41' title='bbox 2591 886 2712 969; x_wconf 61' lang='lat'><strong>3³⁵),</strong></span> 
     </span>
    </p>
   </div>
   <div class='ocr_carea' id='block_1_3' title="bbox 488 1051 911 1063">
    <p class='ocr_par' dir='ltr' id='par_1_3' title="bbox 488 1051 911 1063">
     <span class='ocr_line' id='line_1_6' title="bbox 488 1051 911 1063; baseline 0 3979"><span class='ocrx_word' id='word_1_42' title='bbox 488 1051 911 1063; x_wconf 95' lang='lat' dir='ltr'><strong> </strong></span> 
     </span>
    </p>
   </div>
   <div class='ocr_carea' id='block_1_4' title="bbox 409 1161 2699 3613">
    <p class='ocr_par' dir='ltr' id='par_1_4' title="bbox 409 1161 2699 3613">
     <span class='ocr_line' id='line_1_7' title="bbox 806 1161 2424 1243; baseline 0 -27"><span class='ocrx_word' id='word_1_43' title='bbox 806 1162 942 1218; x_wconf 88' lang='grc'>2883</span> <span class='ocrx_word' id='word_1_44' title='bbox 985 1161 1085 1218; x_wconf 88' lang='lat' dir='ltr'><strong>illa</strong></span> <span class='ocrx_word' id='word_1_45' title='bbox 1123 1162 1342 1232; x_wconf 89' lang='lat' dir='ltr'><strong>quidem</strong></span> <span class='ocrx_word' id='word_1_46' title='bbox 1379 1164 1542 1243; x_wconf 85' lang='lat' dir='ltr'><strong>fessis</strong></span> <span class='ocrx_word' id='word_1_47' title='bbox 1579 1165 1745 1235; x_wconf 85' lang='lat' dir='ltr'><strong>longe</strong></span> <span class='ocrx_word' id='word_1_48' title='bbox 1782 1164 1931 1234; x_wconf 91' lang='lat' dir='ltr'><strong>petit</strong></span> <span class='ocrx_word' id='word_1_49' title='bbox 1965 1161 2190 1219; x_wconf 81' lang='lat' dir='ltr'><strong>humida</strong></span> <span class='ocrx_word' id='word_1_50' title='bbox 2226 1162 2424 1243; x_wconf 81' lang='lat' dir='ltr'><strong>palmis</strong></span> 
     </span>
     <span class='ocr_line' id='line_1_8' title="bbox 979 1239 2360 1330; baseline -0.001 -18"><span class='ocrx_word' id='word_1_51' title='bbox 979 1258 1205 1327; x_wconf 86' lang='lat' dir='ltr'><strong>vellera,</strong></span> <span class='ocrx_word' id='word_1_52' title='bbox 1244 1259 1343 1315; x_wconf 91' lang='lat' dir='ltr'><strong>sed</strong></span> <span class='ocrx_word' id='word_1_53' title='bbox 1376 1239 1595 1316; x_wconf 86' lang='lat' dir='ltr'><strong>bibulas</strong></span> <span class='ocrx_word' id='word_1_54' title='bbox 1635 1259 1864 1330; x_wconf 85' lang='lat' dir='ltr'><strong>urgenti</strong></span> <span class='ocrx_word' id='word_1_55' title='bbox 1898 1260 2139 1329; x_wconf 89' lang='lat' dir='ltr'><strong>pondere</strong></span> <span class='ocrx_word' id='word_1_56' title='bbox 2177 1263 2360 1314; x_wconf 83' lang='lat' dir='ltr'><strong>vestes</strong></span> 
     </span>
     <span class='ocr_line' id='line_1_9' title="bbox 982 1354 2444 1432; baseline -0.001 -22"><span class='ocrx_word' id='word_1_57' title='bbox 982 1354 1134 1411; x_wconf 84' lang='lat' dir='ltr'><strong>unda</strong></span> <span class='ocrx_word' id='word_1_58' title='bbox 1169 1356 1364 1426; x_wconf 89' lang='lat' dir='ltr'><strong>trahit,</strong></span> <span class='ocrx_word' id='word_1_59' title='bbox 1400 1356 1620 1424; x_wconf 88' lang='lat' dir='ltr'><strong>levique</strong></span> <span class='ocrx_word' id='word_1_60' title='bbox 1652 1371 1848 1411; x_wconf 89' lang='lat' dir='ltr'><strong>manus</strong></span> <span class='ocrx_word' id='word_1_61' title='bbox 1883 1355 2151 1411; x_wconf 85' lang='lat' dir='ltr'><strong>labuntur</strong></span> <span class='ocrx_word' id='word_1_62' title='bbox 2186 1354 2257 1410; x_wconf 85' lang='lat' dir='ltr'><strong>ab</strong></span> <span class='ocrx_word' id='word_1_63' title='bbox 2294 1367 2444 1432; x_wconf 76' lang='lat' dir='ltr'><strong>auro.</strong></span> 
     </span>
     <span class='ocr_line' id='line_1_10' title="bbox 731 1447 2430 1535; baseline 0 -33"><span class='ocrx_word' id='word_1_64' title='bbox 731 1447 860 1519; x_wconf 90' lang='lat' dir='ltr'><strong>VH,</strong></span> <span class='ocrx_word' id='word_1_65' title='bbox 897 1449 1000 1506; x_wconf 88' lang='grc'><strong>383</strong></span> <span class='ocrx_word' id='word_1_66' title='bbox 1586 1467 1696 1506; x_wconf 90' lang='lat' dir='ltr'><strong>non</strong></span> <span class='ocrx_word' id='word_1_67' title='bbox 1731 1454 1791 1504; x_wconf 90' lang='lat' dir='ltr'><strong>te</strong></span> <span class='ocrx_word' id='word_1_68' title='bbox 1827 1464 2066 1518; x_wconf 85' lang='lat' dir='ltr'><strong>aequore</strong></span> <span class='ocrx_word' id='word_1_69' title='bbox 2102 1464 2341 1535; x_wconf 74' lang='lat' dir='ltr'><strong>mersum</strong></span> <span class='ocrx_word' id='word_1_70' title='bbox 2385 1468 2397 1478; x_wconf 82' lang='grc'>·</span> <span class='ocrx_word' id='word_1_71' title='bbox 2426 1470 2430 1474; x_wconf 54' lang='lat'>&gt;</span> 
     </span>
     <span class='ocr_line' id='line_1_11' title="bbox 1019 1559 1325 1612; baseline -0.013 -10"><span class='ocrx_word' id='word_1_72' title='bbox 1019 1559 1124 1612; x_wconf 90' lang='lat' dir='ltr'><strong>quo</strong></span> <span class='ocrx_word' id='word_1_73' title='bbox 1161 1560 1325 1600; x_wconf 87' lang='lat' dir='ltr'><strong>soror.</strong></span> 
     </span>
     <span class='ocr_line' id='line_1_12' title="bbox 596 1636 2425 1718; baseline 0.002 -29"><span class='ocrx_word' id='word_1_74' title='bbox 596 1636 683 1705; x_wconf 86' lang='lat'><strong>15)</strong></span> <span class='ocrx_word' id='word_1_75' title='bbox 721 1638 800 1706; x_wconf 92' lang='lat' dir='ltr'><strong>II,</strong></span> <span class='ocrx_word' id='word_1_76' title='bbox 837 1638 970 1695; x_wconf 82' lang='lat'><strong>587:</strong></span> <span class='ocrx_word' id='word_1_77' title='bbox 1114 1642 1390 1710; x_wconf 85' lang='lat' dir='ltr'><strong>angustas</strong></span> <span class='ocrx_word' id='word_1_78' title='bbox 1428 1639 1702 1706; x_wconf 87' lang='lat' dir='ltr'><strong>quondam</strong></span> <span class='ocrx_word' id='word_1_79' title='bbox 1740 1638 1858 1695; x_wconf 90' lang='lat' dir='ltr'><strong>sine</strong></span> <span class='ocrx_word' id='word_1_80' title='bbox 1895 1636 2112 1694; x_wconf 83' lang='lat' dir='ltr'><strong>nomine</strong></span> <span class='ocrx_word' id='word_1_81' title='bbox 2149 1637 2353 1693; x_wconf 80' lang='lat' dir='ltr'><strong>fauces,</strong></span> <span class='ocrx_word' id='word_1_82' title='bbox 2417 1710 2425 1718; x_wconf 20' lang='grc' dir='ltr'>ἱ</span> 
     </span>
     <span class='ocr_line' id='line_1_13' title="bbox 730 1731 2202 1803; baseline 0.001 -18"><span class='ocrx_word' id='word_1_83' title='bbox 730 1731 776 1801; x_wconf 94' lang='lat'><strong>1,</strong></span> <span class='ocrx_word' id='word_1_84' title='bbox 815 1732 951 1787; x_wconf 77' lang='lat'><strong>537:</strong></span> <span class='ocrx_word' id='word_1_85' title='bbox 1372 1731 1608 1803; x_wconf 83' lang='lat' dir='ltr'><strong>virginis</strong></span> <span class='ocrx_word' id='word_1_86' title='bbox 1644 1747 1851 1800; x_wconf 84' lang='lat' dir='ltr'><strong>aequor</strong></span> <span class='ocrx_word' id='word_1_87' title='bbox 1886 1732 1959 1787; x_wconf 89' lang='lat' dir='ltr'><strong>ad</strong></span> <span class='ocrx_word' id='word_1_88' title='bbox 1996 1731 2202 1787; x_wconf 83' lang='lat' dir='ltr'><strong>Helles.</strong></span> 
     </span>
     <span class='ocr_line' id='line_1_14' title="bbox 728 1825 2550 1910; baseline 0.001 -29"><span class='ocrx_word' id='word_1_89' title='bbox 728 1826 807 1894; x_wconf 88' lang='lat'><strong>11,</strong></span> <span class='ocrx_word' id='word_1_90' title='bbox 844 1827 978 1883; x_wconf 88' lang='grc'><strong>6303</strong></span> <span class='ocrx_word' id='word_1_91' title='bbox 1019 1831 1172 1883; x_wconf 87' lang='lat' dir='ltr'><strong>terra</strong></span> <span class='ocrx_word' id='word_1_92' title='bbox 1209 1825 1335 1882; x_wconf 88' lang='lat' dir='ltr'><strong>sinu</strong></span> <span class='ocrx_word' id='word_1_93' title='bbox 1372 1827 1551 1882; x_wconf 88' lang='lat' dir='ltr'><strong>medio</strong></span> <span class='ocrx_word' id='word_1_94' title='bbox 1588 1828 1828 1884; x_wconf 80' lang='lat' dir='ltr'><strong>Pontum</strong></span> <span class='ocrx_word' id='word_1_95' title='bbox 1865 1827 2015 1883; x_wconf 88' lang='lat' dir='ltr'><strong>iacet</strong></span> <span class='ocrx_word' id='word_1_96' title='bbox 2050 1827 2200 1883; x_wconf 89' lang='lat' dir='ltr'><strong>inter</strong></span> <span class='ocrx_word' id='word_1_97' title='bbox 2237 1835 2296 1883; x_wconf 88' lang='lat' dir='ltr'><strong>et</strong></span> <span class='ocrx_word' id='word_1_98' title='bbox 2333 1827 2550 1910; x_wconf 80' lang='lat' dir='ltr'><strong>Hellen.</strong></span> 
     </span>
     <span class='ocr_line' id='line_1_15' title="bbox 728 1905 2568 1992; baseline 0.001 -15"><span class='ocrx_word' id='word_1_99' title='bbox 728 1922 837 1990; x_wconf 89' lang='grc' dir='ltr'><strong>ΠΙ,</strong></span> <span class='ocrx_word' id='word_1_100' title='bbox 877 1923 909 1976; x_wconf 80' lang='lat'><strong>7</strong></span> <span class='ocrx_word' id='word_1_101' title='bbox 922 1939 937 1975; x_wconf 86' lang='grc'><strong>3</strong></span> <span class='ocrx_word' id='word_1_102' title='bbox 1008 1936 1108 1991; x_wconf 88' lang='lat' dir='ltr'><strong>per</strong></span> <span class='ocrx_word' id='word_1_103' title='bbox 1145 1927 1422 1992; x_wconf 84' lang='lat' dir='ltr'><strong>angustae</strong></span> <span class='ocrx_word' id='word_1_104' title='bbox 1461 1962 1475 1978; x_wconf 87' lang='lat'><strong><em>.</em></strong></span> <span class='ocrx_word' id='word_1_105' title='bbox 1516 1962 1530 1977; x_wconf 91' lang='lat'><strong>.</strong></span> <span class='ocrx_word' id='word_1_106' title='bbox 1674 1922 1826 1978; x_wconf 84' lang='lat' dir='ltr'><strong>freta</strong></span> <span class='ocrx_word' id='word_1_107' title='bbox 1863 1964 1875 1978; x_wconf 93' lang='lat'>.</span> <span class='ocrx_word' id='word_1_108' title='bbox 1919 1961 1934 1979; x_wconf 87' lang='lat'><strong>.</strong></span> <span class='ocrx_word' id='word_1_109' title='bbox 2078 1923 2283 1978; x_wconf 81' lang='lat' dir='ltr'><strong>Helles,</strong></span> <span class='ocrx_word' id='word_1_110' title='bbox 2370 1910 2404 1921; x_wconf 39' lang='lat'><strong>&#39;⁶</strong></span> <span class='ocrx_word' id='word_1_111' title='bbox 2514 1930 2521 1937; x_wconf 83' lang='lat'><strong><em>&#39;</em></strong></span> <span class='ocrx_word' id='word_1_112' title='bbox 2564 1905 2568 1909; x_wconf 47' lang='grc'>’</span> 
     </span>
     <span class='ocr_line' id='line_1_16' title="bbox 615 2014 2116 2086; baseline 0.002 -16"><span class='ocrx_word' id='word_1_113' title='bbox 615 2017 691 2071; x_wconf 85' lang='lat' dir='ltr'><strong>At</strong></span> <span class='ocrx_word' id='word_1_114' title='bbox 729 2016 806 2086; x_wconf 90' lang='lat' dir='ltr'><strong>H,</strong></span> <span class='ocrx_word' id='word_1_115' title='bbox 845 2016 952 2070; x_wconf 81' lang='lat'><strong>586</strong></span> <span class='ocrx_word' id='word_1_116' title='bbox 986 2014 1243 2072; x_wconf 80' lang='lat' dir='ltr'><strong>invenias</strong></span> <span class='ocrx_word' id='word_1_117' title='bbox 1281 2017 1453 2072; x_wconf 88' lang='lat' dir='ltr'><strong>etiam</strong></span> <span class='ocrx_word' id='word_1_118' title='bbox 1497 2017 1784 2086; x_wconf 81' lang='lat' dir='ltr'><strong>„Phryxea</strong></span> <span class='ocrx_word' id='word_1_119' title='bbox 1824 2018 2116 2086; x_wconf 85' lang='lat' dir='ltr'><strong>aequora“.</strong></span> 
     </span>
     <span class='ocr_line' id='line_1_17' title="bbox 593 2110 2237 2182; baseline 0.001 -17"><span class='ocrx_word' id='word_1_120' title='bbox 593 2112 684 2181; x_wconf 88' lang='grc'><strong>16)</strong></span> <span class='ocrx_word' id='word_1_121' title='bbox 722 2111 771 2181; x_wconf 90' lang='lat'><strong>1,</strong></span> <span class='ocrx_word' id='word_1_122' title='bbox 809 2110 909 2166; x_wconf 83' lang='grc'><strong>503</strong></span> <span class='ocrx_word' id='word_1_123' title='bbox 1128 2111 1323 2182; x_wconf 87' lang='lat' dir='ltr'><strong>magni</strong></span> <span class='ocrx_word' id='word_1_124' title='bbox 1358 2127 1559 2169; x_wconf 88' lang='lat' dir='ltr'><strong>numen</strong></span> <span class='ocrx_word' id='word_1_125' title='bbox 1598 2113 1770 2169; x_wconf 89' lang='lat' dir='ltr'><strong>maris</strong></span> <span class='ocrx_word' id='word_1_126' title='bbox 1806 2112 2023 2169; x_wconf 85' lang='lat' dir='ltr'><strong>excitat</strong></span> <span class='ocrx_word' id='word_1_127' title='bbox 2059 2112 2237 2168; x_wconf 88' lang='lat' dir='ltr'><strong>Helle.</strong></span> 
     </span>
     <span class='ocr_line' id='line_1_18' title="bbox 726 2206 1195 2273; baseline -0.002 -12"><span class='ocrx_word' id='word_1_128' title='bbox 726 2206 804 2273; x_wconf 94' lang='lat' dir='ltr'><strong>II,</strong></span> <span class='ocrx_word' id='word_1_129' title='bbox 839 2206 974 2263; x_wconf 90' lang='grc'><strong>6133</strong></span> <span class='ocrx_word' id='word_1_130' title='bbox 1048 2206 1195 2263; x_wconf 82' lang='lat' dir='ltr'><strong>diva.</strong></span> 
     </span>
     <span class='ocr_line' id='line_1_19' title="bbox 728 2300 1400 2369; baseline -0.003 -11"><span class='ocrx_word' id='word_1_131' title='bbox 728 2302 797 2369; x_wconf 91' lang='lat' dir='ltr'><strong>V,</strong></span> <span class='ocrx_word' id='word_1_132' title='bbox 835 2302 971 2357; x_wconf 79' lang='lat'>200:</span> <span class='ocrx_word' id='word_1_133' title='bbox 1046 2300 1179 2357; x_wconf 83' lang='lat' dir='ltr'><strong>diva</strong></span> <span class='ocrx_word' id='word_1_134' title='bbox 1213 2301 1400 2358; x_wconf 88' lang='lat' dir='ltr'><strong>maris.</strong></span> 
     </span>
     <span class='ocr_line' id='line_1_20' title="bbox 593 2395 2698 2467; baseline 0.002 -15"><span class='ocrx_word' id='word_1_135' title='bbox 593 2396 682 2464; x_wconf 80' lang='lat'><strong>17)</strong></span> <span class='ocrx_word' id='word_1_136' title='bbox 721 2397 972 2464; x_wconf 82' lang='lat' dir='ltr'><strong>Namque</strong></span> <span class='ocrx_word' id='word_1_137' title='bbox 1010 2397 1370 2467; x_wconf 78' lang='lat' dir='ltr'><strong>Argonautas</strong></span> <span class='ocrx_word' id='word_1_138' title='bbox 1407 2397 1625 2452; x_wconf 88' lang='lat' dir='ltr'><strong>demum</strong></span> <span class='ocrx_word' id='word_1_139' title='bbox 1677 2396 1735 2452; x_wconf 89' lang='lat' dir='ltr'><strong>id</strong></span> <span class='ocrx_word' id='word_1_140' title='bbox 1772 2395 1969 2454; x_wconf 86' lang='lat' dir='ltr'><strong>fratris</strong></span> <span class='ocrx_word' id='word_1_141' title='bbox 2021 2398 2195 2454; x_wconf 88' lang='lat' dir='ltr'><strong>cineri</strong></span> <span class='ocrx_word' id='word_1_142' title='bbox 2241 2400 2503 2456; x_wconf 88' lang='lat' dir='ltr'><strong>nuntiare</strong></span> <span class='ocrx_word' id='word_1_143' title='bbox 2539 2400 2698 2457; x_wconf 86' lang='lat' dir='ltr'><strong>iubet</strong></span> 
     </span>
     <span class='ocr_line' id='line_1_21' title="bbox 409 2491 1484 2566; baseline 0 -19"><span class='ocrx_word' id='word_1_144' title='bbox 409 2563 413 2566; x_wconf 72' lang='lat'>.</span> <span class='ocrx_word' id='word_1_145' title='bbox 481 2492 643 2548; x_wconf 87' lang='lat' dir='ltr'><strong>Helle</strong></span> <span class='ocrx_word' id='word_1_146' title='bbox 680 2508 749 2548; x_wconf 83' lang='lat' dir='ltr'><strong>ex</strong></span> <span class='ocrx_word' id='word_1_147' title='bbox 786 2491 951 2549; x_wconf 90' lang='lat' dir='ltr'><strong>undis</strong></span> <span class='ocrx_word' id='word_1_148' title='bbox 987 2507 1202 2548; x_wconf 85' lang='lat' dir='ltr'><strong>emersa</strong></span> <span class='ocrx_word' id='word_1_149' title='bbox 1237 2493 1315 2560; x_wconf 89' lang='grc' dir='ltr'><strong>ΙΙ,</strong></span> <span class='ocrx_word' id='word_1_150' title='bbox 1351 2492 1484 2547; x_wconf 89' lang='grc'><strong>6013</strong></span> 
     </span>
     <span class='ocr_line' id='line_1_22' title="bbox 1119 2587 2293 2658; baseline 0.002 -16"><span class='ocrx_word' id='word_1_151' title='bbox 1119 2587 1415 2657; x_wconf 84' lang='lat' dir='ltr'><strong>cinerique,</strong></span> <span class='ocrx_word' id='word_1_152' title='bbox 1452 2602 1661 2658; x_wconf 79' lang='lat' dir='ltr'><strong>precor,</strong></span> <span class='ocrx_word' id='word_1_153' title='bbox 1699 2601 1825 2643; x_wconf 88' lang='lat' dir='ltr'><strong>mea</strong></span> <span class='ocrx_word' id='word_1_154' title='bbox 1860 2587 2077 2644; x_wconf 81' lang='lat' dir='ltr'><strong>reddite</strong></span> <span class='ocrx_word' id='word_1_155' title='bbox 2114 2588 2293 2645; x_wconf 84' lang='lat' dir='ltr'><strong>dicta:</strong></span> 
     </span>
     <span class='ocr_line' id='line_1_23' title="bbox 904 2680 2535 2756; baseline 0.001 -17"><span class='ocrx_word' id='word_1_156' title='bbox 904 2736 905 2739; x_wconf 74' lang='grc'>,</span> <span class='ocrx_word' id='word_1_157' title='bbox 980 2683 1135 2751; x_wconf 89' lang='lat' dir='ltr'><strong>„Non</strong></span> <span class='ocrx_word' id='word_1_158' title='bbox 1173 2698 1277 2753; x_wconf 87' lang='lat' dir='ltr'><strong>ego</strong></span> <span class='ocrx_word' id='word_1_159' title='bbox 1313 2698 1413 2752; x_wconf 90' lang='lat' dir='ltr'><strong>per</strong></span> <span class='ocrx_word' id='word_1_160' title='bbox 1449 2680 1699 2753; x_wconf 81' lang='lat' dir='ltr'><strong>Stygiae,</strong></span> <span class='ocrx_word' id='word_1_161' title='bbox 1738 2683 1882 2750; x_wconf 91' lang='lat' dir='ltr'><strong>quod</strong></span> <span class='ocrx_word' id='word_1_162' title='bbox 1918 2699 2058 2753; x_wconf 87' lang='lat' dir='ltr'><strong>rere,</strong></span> <span class='ocrx_word' id='word_1_163' title='bbox 2099 2683 2326 2740; x_wconf 89' lang='lat' dir='ltr'><strong>silentia</strong></span> <span class='ocrx_word' id='word_1_164' title='bbox 2363 2685 2535 2756; x_wconf 86' lang='lat' dir='ltr'><strong>ripae,</strong></span> 
     </span>
     <span class='ocr_line' id='line_1_24' title="bbox 979 2775 2402 2850; baseline 0.004 -20"><span class='ocrx_word' id='word_1_165' title='bbox 979 2777 1174 2846; x_wconf 84' lang='lat' dir='ltr'><strong>frater,</strong></span> <span class='ocrx_word' id='word_1_166' title='bbox 1211 2792 1379 2847; x_wconf 83' lang='lat' dir='ltr'><strong>agor3</strong></span> <span class='ocrx_word' id='word_1_167' title='bbox 1417 2775 1630 2832; x_wconf 84' lang='lat' dir='ltr'><strong>frustra</strong></span> <span class='ocrx_word' id='word_1_168' title='bbox 1668 2777 1833 2832; x_wconf 86' lang='lat' dir='ltr'><strong>vacui</strong></span> <span class='ocrx_word' id='word_1_169' title='bbox 1870 2778 2139 2834; x_wconf 87' lang='lat' dir='ltr'><strong>scrutaris</strong></span> <span class='ocrx_word' id='word_1_170' title='bbox 2178 2779 2402 2850; x_wconf 83' lang='lat' dir='ltr'><strong>Averni,</strong></span> 
     </span>
     <span class='ocr_line' id='line_1_25' title="bbox 982 2870 2699 2942; baseline 0.003 -15"><span class='ocrx_word' id='word_1_171' title='bbox 982 2888 1126 2941; x_wconf 87' lang='lat' dir='ltr'><strong>care,</strong></span> <span class='ocrx_word' id='word_1_172' title='bbox 1165 2872 1315 2941; x_wconf 83' lang='lat' dir='ltr'><strong>vias3</strong></span> <span class='ocrx_word' id='word_1_173' title='bbox 1356 2888 1535 2941; x_wconf 87' lang='lat' dir='ltr'><strong>neque</strong></span> <span class='ocrx_word' id='word_1_174' title='bbox 1572 2870 1719 2928; x_wconf 90' lang='lat' dir='ltr'><strong>enim</strong></span> <span class='ocrx_word' id='word_1_175' title='bbox 1756 2873 1996 2942; x_wconf 86' lang='lat' dir='ltr'><strong>scopulis</strong></span> <span class='ocrx_word' id='word_1_176' title='bbox 2032 2890 2119 2930; x_wconf 91' lang='lat' dir='ltr'><strong>me</strong></span> <span class='ocrx_word' id='word_1_177' title='bbox 2141 2879 2200 2930; x_wconf 89' lang='lat' dir='ltr'><strong>et</strong></span> <span class='ocrx_word' id='word_1_178' title='bbox 2220 2875 2477 2932; x_wconf 89' lang='lat' dir='ltr'><strong>fluctibus</strong></span> <span class='ocrx_word' id='word_1_179' title='bbox 2514 2881 2699 2933; x_wconf 88' lang='lat' dir='ltr'><strong>actam</strong></span> 
     </span>
     <span class='ocr_line' id='line_1_26' title="bbox 972 2967 2499 3040; baseline 0.002 -17"><span class='ocrx_word' id='word_1_180' title='bbox 972 2968 1191 3039; x_wconf 82' lang='lat' dir='ltr'><strong>frangit</strong></span> <span class='ocrx_word' id='word_1_181' title='bbox 1226 2968 1429 3037; x_wconf 83' lang='lat' dir='ltr'><strong>hiems3</strong></span> <span class='ocrx_word' id='word_1_182' title='bbox 1468 2967 1637 3038; x_wconf 83' lang='lat' dir='ltr'><strong>celeri</strong></span> <span class='ocrx_word' id='word_1_183' title='bbox 1674 2969 1950 3040; x_wconf 85' lang='lat' dir='ltr'><strong>extemplo</strong></span> <span class='ocrx_word' id='word_1_184' title='bbox 1994 2970 2212 3026; x_wconf 89' lang='lat' dir='ltr'><strong>subiere</strong></span> <span class='ocrx_word' id='word_1_185' title='bbox 2247 2977 2499 3027; x_wconf 89' lang='lat' dir='ltr'><strong>ruentem</strong></span> 
     </span>
     <span class='ocr_line' id='line_1_27' title="bbox 976 3064 2557 3136; baseline 0.001 -17"><span class='ocrx_word' id='word_1_186' title='bbox 976 3064 1277 3134; x_wconf 85' lang='lat' dir='ltr'><strong>Cymothoe</strong></span> <span class='ocrx_word' id='word_1_187' title='bbox 1315 3065 1666 3134; x_wconf 75' lang='lat' dir='ltr'><strong>Glaucusque</strong></span> <span class='ocrx_word' id='word_1_188' title='bbox 1705 3081 1902 3134; x_wconf 88' lang='lat' dir='ltr'><strong>manu;</strong></span> <span class='ocrx_word' id='word_1_189' title='bbox 1939 3071 2104 3136; x_wconf 87' lang='lat' dir='ltr'><strong>pater</strong></span> <span class='ocrx_word' id='word_1_190' title='bbox 2143 3065 2262 3136; x_wconf 91' lang='lat' dir='ltr'><strong>ipse</strong></span> <span class='ocrx_word' id='word_1_191' title='bbox 2299 3066 2557 3136; x_wconf 82' lang='lat' dir='ltr'><strong>profundi</strong></span> 
     </span>
     <span class='ocr_line' id='line_1_28' title="bbox 976 3159 2425 3230; baseline 0.002 -15"><span class='ocrx_word' id='word_1_192' title='bbox 976 3160 1079 3215; x_wconf 86' lang='lat' dir='ltr'><strong>has</strong></span> <span class='ocrx_word' id='word_1_193' title='bbox 1116 3159 1288 3217; x_wconf 89' lang='lat' dir='ltr'><strong>etiam</strong></span> <span class='ocrx_word' id='word_1_194' title='bbox 1325 3161 1502 3228; x_wconf 89' lang='lat' dir='ltr'><strong>sedes,</strong></span> <span class='ocrx_word' id='word_1_195' title='bbox 1539 3161 1677 3216; x_wconf 83' lang='lat' dir='ltr'><strong>haee</strong></span> <span class='ocrx_word' id='word_1_196' title='bbox 1714 3160 1939 3216; x_wconf 84' lang='lat' dir='ltr'><strong>numine</strong></span> <span class='ocrx_word' id='word_1_197' title='bbox 1974 3161 2212 3217; x_wconf 80' lang='lat' dir='ltr'><strong>tradidit</strong></span> <span class='ocrx_word' id='word_1_198' title='bbox 2249 3178 2425 3230; x_wconf 88' lang='lat' dir='ltr'><strong>aequo</strong></span> 
     </span>
     <span class='ocr_line' id='line_1_29' title="bbox 973 3254 2425 3325; baseline 0.003 -16"><span class='ocrx_word' id='word_1_199' title='bbox 973 3270 1166 3325; x_wconf 86' lang='lat' dir='ltr'><strong>regna,</strong></span> <span class='ocrx_word' id='word_1_200' title='bbox 1208 3271 1311 3311; x_wconf 91' lang='lat' dir='ltr'><strong>nec</strong></span> <span class='ocrx_word' id='word_1_201' title='bbox 1346 3254 1497 3310; x_wconf 91' lang='lat' dir='ltr'><strong>Inois</strong></span> <span class='ocrx_word' id='word_1_202' title='bbox 1534 3260 1727 3311; x_wconf 89' lang='lat' dir='ltr'><strong>noster</strong></span> <span class='ocrx_word' id='word_1_203' title='bbox 1764 3254 1917 3311; x_wconf 87' lang='lat' dir='ltr'><strong>sinus</strong></span> <span class='ocrx_word' id='word_1_204' title='bbox 1954 3255 2172 3314; x_wconf 86' lang='lat' dir='ltr'><strong>invidet</strong></span> <span class='ocrx_word' id='word_1_205' title='bbox 2208 3256 2425 3314; x_wconf 85' lang='lat' dir='ltr'><strong>undis“.</strong></span> 
     </span>
     <span class='ocr_line' id='line_1_30' title="bbox 593 3349 2674 3421; baseline 0.001 -14"><span class='ocrx_word' id='word_1_206' title='bbox 593 3352 682 3420; x_wconf 87' lang='lat'><strong>18)</strong></span> <span class='ocrx_word' id='word_1_207' title='bbox 720 3351 770 3420; x_wconf 82' lang='grc' dir='ltr'><strong>Ι,</strong></span> <span class='ocrx_word' id='word_1_208' title='bbox 812 3350 943 3407; x_wconf 84' lang='grc'>2913</span> <span class='ocrx_word' id='word_1_209' title='bbox 984 3349 1108 3419; x_wconf 89' lang='lat' dir='ltr'><strong>quis</strong></span> <span class='ocrx_word' id='word_1_210' title='bbox 1143 3349 1266 3419; x_wconf 90' lang='lat' dir='ltr'><strong>tibi,</strong></span> <span class='ocrx_word' id='word_1_211' title='bbox 1305 3350 1538 3419; x_wconf 83' lang='lat' dir='ltr'><strong>Phryxe,</strong></span> <span class='ocrx_word' id='word_1_212' title='bbox 1578 3351 1747 3421; x_wconf 89' lang='lat' dir='ltr'><strong>dolor,</strong></span> <span class='ocrx_word' id='word_1_213' title='bbox 1788 3350 1982 3421; x_wconf 86' lang='lat' dir='ltr'><strong>rapido</strong></span> <span class='ocrx_word' id='word_1_214' title='bbox 2021 3368 2186 3421; x_wconf 90' lang='lat' dir='ltr'><strong>quum</strong></span> <span class='ocrx_word' id='word_1_215' title='bbox 2224 3352 2472 3409; x_wconf 88' lang='lat' dir='ltr'><strong>concitus</strong></span> <span class='ocrx_word' id='word_1_216' title='bbox 2512 3359 2674 3412; x_wconf 90' lang='lat' dir='ltr'><strong>aestu</strong></span> 
     </span>
     <span class='ocr_line' id='line_1_31' title="bbox 974 3444 2430 3517; baseline 0.003 -18"><span class='ocrx_word' id='word_1_217' title='bbox 974 3444 1278 3514; x_wconf 88' lang='lat' dir='ltr'><strong>respiceres</strong></span> <span class='ocrx_word' id='word_1_218' title='bbox 1313 3444 1552 3502; x_wconf 87' lang='lat' dir='ltr'><strong>miserae</strong></span> <span class='ocrx_word' id='word_1_219' title='bbox 1590 3445 1896 3502; x_wconf 87' lang='lat' dir='ltr'><strong>clamantia</strong></span> <span class='ocrx_word' id='word_1_220' title='bbox 1933 3445 2169 3517; x_wconf 83' lang='lat' dir='ltr'><strong>virginis</strong></span> <span class='ocrx_word' id='word_1_221' title='bbox 2209 3463 2307 3503; x_wconf 88' lang='lat' dir='ltr'><strong>ora</strong></span> <span class='ocrx_word' id='word_1_222' title='bbox 2427 3508 2430 3511; x_wconf 65' lang='grc'><strong>,</strong></span> 
     </span>
     <span class='ocr_line' id='line_1_32' title="bbox 975 3543 2642 3613; baseline 0.001 -15"><span class='ocrx_word' id='word_1_223' title='bbox 975 3545 1360 3610; x_wconf 83' lang='lat' dir='ltr'><strong>extremasque</strong></span> <span class='ocrx_word' id='word_1_224' title='bbox 1395 3557 1611 3612; x_wconf 87' lang='lat' dir='ltr'><strong>manus,</strong></span> <span class='ocrx_word' id='word_1_225' title='bbox 1651 3556 1981 3612; x_wconf 87' lang='lat' dir='ltr'><strong>sparsosque</strong></span> <span class='ocrx_word' id='word_1_226' title='bbox 2015 3557 2118 3613; x_wconf 88' lang='lat' dir='ltr'><strong>per</strong></span> <span class='ocrx_word' id='word_1_227' title='bbox 2153 3558 2397 3612; x_wconf 88' lang='lat' dir='ltr'><strong>aequora</strong></span> <span class='ocrx_word' id='word_1_228' title='bbox 2433 3543 2642 3601; x_wconf 89' lang='lat' dir='ltr'><strong>crines!</strong></span> 
     </span>
    </p>
   </div>
   <div class='ocr_carea' id='block_1_5' title="bbox 590 3661 2695 4403">
    <p class='ocr_par' dir='ltr' id='par_1_5' title="bbox 590 3661 2695 4403">
     <span class='ocr_line' id='line_1_33' title="bbox 590 3661 2481 3732; baseline 0.002 -16"><span class='ocrx_word' id='word_1_229' title='bbox 590 3663 682 3731; x_wconf 88' lang='lat'><strong>19)</strong></span> <span class='ocrx_word' id='word_1_230' title='bbox 719 3664 771 3731; x_wconf 88' lang='lat'><strong>1,</strong></span> <span class='ocrx_word' id='word_1_231' title='bbox 810 3661 947 3718; x_wconf 77' lang='lat'><strong>391:</strong></span> <span class='ocrx_word' id='word_1_232' title='bbox 1707 3661 1987 3732; x_wconf 81' lang='lat' dir='ltr'><strong>Phryxeos</strong></span> <span class='ocrx_word' id='word_1_233' title='bbox 2026 3704 2040 3718; x_wconf 90' lang='lat'><strong>.</strong></span> <span class='ocrx_word' id='word_1_234' title='bbox 2077 3704 2095 3719; x_wconf 87' lang='lat'><strong>.</strong></span> <span class='ocrx_word' id='word_1_235' title='bbox 2240 3664 2481 3720; x_wconf 86' lang='lat' dir='ltr'><strong>Colchos.</strong></span> 
     </span>
     <span class='ocr_line' id='line_1_34' title="bbox 591 3758 2695 3827; baseline 0.002 -14"><span class='ocrx_word' id='word_1_236' title='bbox 591 3759 683 3827; x_wconf 91' lang='grc'><strong>20)</strong></span> <span class='ocrx_word' id='word_1_237' title='bbox 724 3758 768 3827; x_wconf 93' lang='lat' dir='ltr'><strong>I,</strong></span> <span class='ocrx_word' id='word_1_238' title='bbox 805 3758 939 3814; x_wconf 82' lang='lat'><strong>528:</strong></span> <span class='ocrx_word' id='word_1_239' title='bbox 2172 3759 2266 3827; x_wconf 90' lang='lat' dir='ltr'><strong>qui</strong></span> <span class='ocrx_word' id='word_1_240' title='bbox 2304 3759 2513 3816; x_wconf 87' lang='lat' dir='ltr'><strong>vellera</strong></span> <span class='ocrx_word' id='word_1_241' title='bbox 2552 3760 2695 3817; x_wconf 91' lang='lat' dir='ltr'><strong>dono</strong></span> 
     </span>
     <span class='ocr_line' id='line_1_35' title="bbox 974 3852 1820 3924; baseline 0.004 -14"><span class='ocrx_word' id='word_1_242' title='bbox 974 3853 1317 3924; x_wconf 85' lang='lat' dir='ltr'><strong>Bellipotens</strong></span> <span class='ocrx_word' id='word_1_243' title='bbox 1355 3852 1460 3909; x_wconf 87' lang='lat' dir='ltr'><strong>sibi</strong></span> <span class='ocrx_word' id='word_1_244' title='bbox 1495 3854 1608 3911; x_wconf 88' lang='lat' dir='ltr'><strong>fixa</strong></span> <span class='ocrx_word' id='word_1_245' title='bbox 1645 3853 1820 3913; x_wconf 86' lang='lat' dir='ltr'><strong>videt.</strong></span> 
     </span>
     <span class='ocr_line' id='line_1_36' title="bbox 732 3948 2427 4020; baseline -0.001 -14"><span class='ocrx_word' id='word_1_246' title='bbox 732 3950 800 4020; x_wconf 89' lang='lat' dir='ltr'><strong>V,</strong></span> <span class='ocrx_word' id='word_1_247' title='bbox 837 3949 974 4008; x_wconf 89' lang='grc'><strong>6303</strong></span> <span class='ocrx_word' id='word_1_248' title='bbox 1009 3950 1220 4007; x_wconf 88' lang='lat' dir='ltr'><strong>vellera</strong></span> <span class='ocrx_word' id='word_1_249' title='bbox 1253 3964 1415 4005; x_wconf 87' lang='lat' dir='ltr'><strong>sacra</strong></span> <span class='ocrx_word' id='word_1_250' title='bbox 1449 3948 1586 4005; x_wconf 86' lang='lat' dir='ltr'><strong>meis</strong></span> <span class='ocrx_word' id='word_1_251' title='bbox 1621 3955 1940 4020; x_wconf 85' lang='lat' dir='ltr'><strong>sperantem</strong></span> <span class='ocrx_word' id='word_1_252' title='bbox 1976 3956 2233 4007; x_wconf 85' lang='lat' dir='ltr'><strong>avertere</strong></span> <span class='ocrx_word' id='word_1_253' title='bbox 2271 3951 2427 4006; x_wconf 79' lang='lat' dir='ltr'><strong>lucis,</strong></span> 
     </span>
     <span class='ocr_line' id='line_1_37' title="bbox 732 4044 1558 4115; baseline -0.001 -14"><span class='ocrx_word' id='word_1_254' title='bbox 732 4045 800 4115; x_wconf 89' lang='lat' dir='ltr'><strong>V,</strong></span> <span class='ocrx_word' id='word_1_255' title='bbox 837 4046 968 4102; x_wconf 88' lang='grc'><strong>6383</strong></span> <span class='ocrx_word' id='word_1_256' title='bbox 1005 4060 1197 4101; x_wconf 88' lang='lat' dir='ltr'><strong>nemus</strong></span> <span class='ocrx_word' id='word_1_257' title='bbox 1234 4044 1558 4101; x_wconf 86' lang='lat' dir='ltr'><strong>auriferum.</strong></span> 
     </span>
     <span class='ocr_line' id='line_1_38' title="bbox 734 4140 2483 4211; baseline -0.001 -14"><span class='ocrx_word' id='word_1_258' title='bbox 734 4140 893 4211; x_wconf 85' lang='lat' dir='ltr'><strong>Vm,</strong></span> <span class='ocrx_word' id='word_1_259' title='bbox 933 4141 1065 4197; x_wconf 86' lang='lat'>100:</span> <span class='ocrx_word' id='word_1_260' title='bbox 1930 4140 2042 4197; x_wconf 89' lang='lat' dir='ltr'><strong>iam</strong></span> <span class='ocrx_word' id='word_1_261' title='bbox 2077 4141 2234 4197; x_wconf 86' lang='lat' dir='ltr'><strong>nulla</strong></span> <span class='ocrx_word' id='word_1_262' title='bbox 2270 4140 2483 4197; x_wconf 83' lang='lat' dir='ltr'><strong>videbis</strong></span> 
     </span>
     <span class='ocr_line' id='line_1_39' title="bbox 1083 4222 2526 4309; baseline 0.001 -15"><span class='ocrx_word' id='word_1_263' title='bbox 1083 4222 1311 4305; x_wconf 59' lang='lat' dir='ltr'><strong>uellera,</strong></span> <span class='ocrx_word' id='word_1_264' title='bbox 1347 4237 1503 4294; x_wconf 87' lang='lat' dir='ltr'><strong>nulla</strong></span> <span class='ocrx_word' id='word_1_265' title='bbox 1539 4242 1645 4293; x_wconf 86' lang='lat' dir='ltr'><strong>tua</strong></span> <span class='ocrx_word' id='word_1_266' title='bbox 1679 4236 1961 4309; x_wconf 86' lang='lat' dir='ltr'><strong>fulgentia</strong></span> <span class='ocrx_word' id='word_1_267' title='bbox 1998 4238 2141 4293; x_wconf 87' lang='lat' dir='ltr'><strong>dona</strong></span> <span class='ocrx_word' id='word_1_268' title='bbox 2180 4238 2279 4294; x_wconf 89' lang='lat' dir='ltr'><strong>sub</strong></span> <span class='ocrx_word' id='word_1_269' title='bbox 2317 4240 2526 4296; x_wconf 88' lang='lat' dir='ltr'><strong>umbra.</strong></span> 
     </span>
     <span class='ocr_line' id='line_1_40' title="bbox 623 4332 1717 4403; baseline 0.001 -14"><span class='ocrx_word' id='word_1_270' title='bbox 623 4333 736 4390; x_wconf 93' lang='lat' dir='ltr'><strong>Pro</strong></span> <span class='ocrx_word' id='word_1_271' title='bbox 772 4334 895 4390; x_wconf 90' lang='lat' dir='ltr'><strong>luco</strong></span> <span class='ocrx_word' id='word_1_272' title='bbox 930 4335 1194 4403; x_wconf 90' lang='lat' dir='ltr'><strong>templum</strong></span> <span class='ocrx_word' id='word_1_273' title='bbox 1233 4349 1446 4402; x_wconf 82' lang='lat' dir='ltr'><strong>quoque</strong></span> <span class='ocrx_word' id='word_1_274' title='bbox 1482 4332 1717 4390; x_wconf 83' lang='lat' dir='ltr'><strong>dicitur:</strong></span> 
     </span>
    </p>
   </div>
   <div class='ocr_carea' id='block_1_6' title="bbox 731 4427 2505 4578">
    <p class='ocr_par' dir='ltr' id='par_1_6' title="bbox 731 4427 2505 4578">
     <span class='ocr_line' id='line_1_41' title="bbox 731 4427 2505 4498; baseline 0.001 -13"><span class='ocrx_word' id='word_1_275' title='bbox 731 4428 800 4494; x_wconf 89' lang='lat' dir='ltr'><strong>V,</strong></span> <span class='ocrx_word' id='word_1_276' title='bbox 837 4429 975 4486; x_wconf 77' lang='grc'><strong>6333</strong></span> <span class='ocrx_word' id='word_1_277' title='bbox 1010 4433 1205 4485; x_wconf 89' lang='lat' dir='ltr'><strong>nostra</strong></span> <span class='ocrx_word' id='word_1_278' title='bbox 1240 4432 1307 4484; x_wconf 90' lang='lat' dir='ltr'><strong>ut</strong></span> <span class='ocrx_word' id='word_1_279' title='bbox 1342 4428 1594 4498; x_wconf 80' lang='lat' dir='ltr'><strong>Phryxeo</strong></span> <span class='ocrx_word' id='word_1_280' title='bbox 1632 4427 1937 4498; x_wconf 78' lang='lat' dir='ltr'><strong>spolientur</strong></span> <span class='ocrx_word' id='word_1_281' title='bbox 1971 4428 2182 4498; x_wconf 88' lang='lat' dir='ltr'><strong>templa</strong></span> <span class='ocrx_word' id='word_1_282' title='bbox 2219 4428 2505 4487; x_wconf 74' lang='lat' dir='ltr'><strong>metallo..‘</strong></span> 
     </span>
     <span class='ocr_line' id='line_1_42' title="bbox 2193 4521 2270 4578; baseline 0 -24"><span class='ocrx_word' id='word_1_283' title='bbox 2193 4521 2270 4578; x_wconf 75' lang='grc'><strong>4*</strong></span> 
     </span>
    </p>
   </div>
  </div>
 </body>
</html>
