3259 5042
1331 353 1745 418 ...19-

590 520 1051 612 Argumentum
1094 529 1288 613 Aegi
1306 530 1468 612 mii,
1518 530 1696 597 cuius
1736 529 1882 596 libri
1924 536 2249 598 auctorem
2286 532 2645 613 Stephanus

425 639 576 722 Byz.
601 639 681 720 22)
742 636 1084 731 Hesiodum
1104 688 1120 714 ,
1188 636 1558 702 Athenaeus
1580 635 1675 719 2³)
1730 644 1842 701 aut
1903 636 2069 702 hunc
2132 642 2244 702 aut
2302 637 2670 730 Cercopem,

428 745 743 811 Milesium
785 762 927 809 esse
970 743 1080 823 ait,
1147 743 1346 809 ceteri
1387 742 1638 809 silentio
1680 743 2206 825 praetermittunt
2224 793 2240 822 ,
2305 743 2642 825 praecipue

430 855 494 918 in
541 849 951 918 describendo
994 850 1160 917 bello
1214 850 1294 915 ab
1338 850 1625 932 Aegimio
1643 903 1658 931 ,
1726 850 2123 915 Doriensium
2162 851 2320 916 duce
2338 903 2353 931 ,
2424 857 2645 916 contra

432 958 730 1041 Lapithas
773 958 1113 1023 adiuvante
1134 957 1409 1023 Hercule
1450 956 1612 1023 bene
1656 962 1857 1037 gesto,
1900 956 1979 1022 de
2022 976 2144 1039 quo
2188 957 2490 1023 certiores
2532 976 2645 1024 nos

429 1065 666 1131 faciunt
711 1063 1127 1146 Apollodorus
1148 1063 1229 1147 24)
1275 1070 1342 1129 et
1382 1063 1697 1130 Diodorus
1742 1063 1986 1129 Siculus
2008 1063 2108 1146 25),
2150 1070 2470 1147 versatum
2504 1082 2644 1128 esse

428 1173 551 1237 iam
593 1170 1053 1237 Valckenarius
1074 1169 1155 1254 2Β)
1217 1189 1253 1234 e
1310 1170 1496 1236 titulo
1559 1170 1893 1250 conclusit,
1966 1166 2038 1236 Ο.
2082 1168 2431 1236 Muellerus
2451 1169 2535 1252 2⁷)
2580 1177 2647 1236 et

428 1281 543 1346 Th.
587 1280 902 1362 Bergkius
923 1278 1005 1364 28)
1053 1278 1495 1362 probaverunt.

602 1386 836 1468 Quodsi
878 1392 1069 1468 poeta
1109 1386 1274 1452 sicut
1317 1386 1409 1467 ei,
1467 1387 1575 1468 qui
1617 1385 1768 1451 belli
1808 1385 2062 1451 Troiani
2105 1391 2217 1451 aut
2254 1386 2646 1465 Argonauta-

434 1513 574 1559 rum
615 1491 858 1559 fabulas
898 1492 1184 1559 versibus
1224 1493 1544 1586 persecuti
1591 1499 1769 1572 sunt,
1841 1511 2175 1557 numerum
2218 1510 2435 1557 eorum
2452 1544 2466 1573 ,
2539 1492 2647 1575 qui

437 1599 579 1666 huic
622 1597 785 1666 bello
826 1598 1214 1679 intererant,
1288 1605 1355 1665 et
1396 1599 1530 1680 ipse
1583 1599 1677 1664 ita
1718 1599 1925 1680 auxit,
1998 1604 2073 1664 ut
2115 1616 2256 1663 cum
2313 1598 2469 1664 alios
2510 1605 2648 1665 tum

432 1707 644 1772 Phrixi
685 1706 848 1772 filios
888 1704 1117 1772 auxilio
1167 1712 1612 1772 succurrentes
1667 1704 1911 1771 faceret
1952 1741 2033 1751 —-
2075 1706 2175 1771 cui
2215 1704 2417 1771 simile
2463 1710 2532 1771 et
2572 1706 2645 1772 Ο.

430 1813 779 1878 Muellerus
822 1814 863 1877 l.
910 1830 962 1878 c.
1006 1812 1362 1894 suspicatus
1413 1819 1512 1879 est
1552 1849 1637 1859 —
1679 1812 1829 1894 quid
1888 1813 2206 1893 antiquius
2261 1811 2497 1877 habere
2538 1831 2648 1893 po-

429 1921 573 2001 tuit,
617 1938 806 2002 quam
844 1925 918 1985 ut
959 1919 1205 2001 pariter
1245 1924 1438 2001 atque
1482 1918 1848 2001 Apollonius
1889 1919 2171 1986 Rhodius
2186 1917 2265 2003 29)
2312 1919 2648 1985 nominatis

428 2026 575 2092 filiis
609 2031 860 2108 patrem
905 2045 1151 2108 quoque
1195 2027 1454 2108 eiusque
1503 2032 1742 2092 sortem
1788 2024 2068 2091 breviter
2109 2030 2646 2090 commemoraret.

428 2133 569 2198 Tali
612 2131 1000 2198 deverticulo
1045 2131 1350 2198 debemus
1393 2132 1618 2214 fragm.
1647 2131 1902 2198 CLXXI
1946 2131 2039 2216 (1)
2064 2133 2163 2213 ³⁰),
2209 2150 2331 2213 quo
2354 2131 2652 2196 Phrixum

427 2245 691 2322 propter
751 2239 987 2320 pellem
1055 2239 1226 2305 ultro
1293 2241 1527 2307 Aeetes
1595 2239 1947 2320 suscepisse
2016 2239 2325 2321 proditur.
2413 2239 2539 2304 Per
2583 2257 2653 2304 se

431 2347 634 2428 ipsam
675 2365 826 2412 vero
870 2351 938 2411 et
978 2346 1334 2412 accuratius
1377 2346 1723 2428 expositam
1779 2343 1974 2411 fuisse
2014 2344 2080 2409 in
2139 2346 2422 2425 Aegimio
2473 2343 2651 2410 fabu-

415 2453 561 2519 'lam
591 2451 928 2517 Phrixeam
969 2451 1306 2517 verisimile
1349 2471 1471 2517 non
1514 2457 1614 2517 est
1656 2451 1888 2518 nedum
1911 2450 2419 2533 Argonautarum
2465 2468 2652 2533 expe·
2681 2486 2683 2491 >

431 2559 751 2640 ditionem,
826 2576 1013 2640 quam
1056 2557 1438 2624 Groddeckii
1458 2560 1539 2643 ³1)
1598 2558 1952 2640 opinionem
2006 2557 2407 2623 Weichertus
2437 2559 2517 2638 ³2)
2585 2564 2653 2625 et
2687 2604 2692 2608 ·

430 2667 500 2732 Ο.
546 2666 894 2732 Muellerus
910 2666 991 2748 33)
1034 2666 1161 2730 iam
1201 2665 1443 2746 pridem
1485 2664 1962 2748 prohibuerunt.

573 2860 666 2932 22)
704 2877 744 2916 s.
788 2877 840 2917 v.
876 2855 1149 2931 Ἀβαντίς.

538 2953 664 3025 23)
703 2956 787 3010 XI
823 2971 956 3025 pag.
995 2953 1100 3008 503
1138 2952 1205 3006 D.

356 3088 366 3099 .
575 3050 666 3118 24)
706 3048 1029 3119 Apollodori
1065 3046 1416 3104 Bibliotheca
1455 3061 1523 3100 ex
1559 3059 1781 3115 recogn.
1819 3045 2177 3103 Immauuelis
2213 3026 2483 3117 Bekkeri3
2521 3048 2652 3118 Lip-

432 3142 550 3200 siae
589 3144 755 3200 1854:
795 3145 872 3213 II,
912 3145 960 3212 7,
1002 3145 1050 3213 7,
1090 3143 1142 3197 2.

572 3238 666 3310 25)
702 3238 844 3294 Bibl.
884 3238 1014 3296 hist.
1051 3238 1150 3307 IV,
1190 3236 1279 3292 37.

571 3337 667 3404 26)
707 3335 796 3390 Ad
831 3333 1021 3402 Eurip.
1059 3331 1343 3387 Phoenissa
1380 3347 1433 3401 p.
1475 3330 1605 3398 7353
1645 3329 1730 3384 ita
1766 3329 2041 3384 Marksch.
2083 3331 2217 3385 Hes.
2236 3331 2436 3401 fragm.
2456 3349 2511 3401 p.
2529 3333 2648 3401 167,

432 3431 755 3488 Goettl.-Fl.
813 3431 944 3485 HeS.
984 3444 1151 3484 carm.
1188 3428 1323 3496 prol.
1386 3443 1440 3495 p.
1477 3425 1693 3494 XLIX,
1750 3423 2107 3480 Weichertus
2168 3427 2379 3494 „Ueber
2434 3427 2646 3497 Apoll.“

431 3545 487 3599 p.
529 3528 647 3584 139.
721 3525 791 3581 In
829 3521 1076 3580 editione
1112 3519 1476 3593 Lugdunensi
1520 3520 1654 3575 anui
1688 3504 2016 3588 MDCCOII,
2079 3537 2220 3588 quae
2258 3520 2392 3575 mihi
2427 3528 2649 3590 praesto

430 3629 569 3694 erat,
610 3622 659 3678 is
692 3622 846 3676 locus
882 3617 1169 3697 invenitur
1207 3618 1266 3673 in
1301 3633 1433 3687 pag.
1479 3617 1577 3673 117
1616 3616 1853 3671 alterius
1888 3615 2087 3686 partiS‚
2127 3632 2235 3684 qua
2277 3616 2487 3671 scholia
2525 3633 2651 3671 con-

432 3717 699 3774 tinentur.
908 3722 911 3725 ’

571 3813 661 3881 27)
701 3810 913 3873 Dorier,
950 3810 979 3864 I
1016 3826 1148 3880 pag.
1187 3809 1275 3864 28.

571 3909 665 3981 28)
702 3908 799 3964 Gr.
837 3906 1170 3962 Lit.-Gesch.
1207 3920 1337 3976 pag.
1380 3903 1519 3961 1006
1555 3920 1633 3972 sq.

574 4004 667 4071 29)
706 4003 916 4073 Argon.
953 4001 1031 4071 II,
1072 4001 1209 4056 1141
1251 4016 1365 4070 sqq.

576 4099 668 4166 30)
707 4098 877 4153 schol.
914 4094 1090 4165 Apoll.
1129 4096 1304 4150 Rhod.
1340 4094 1449 4164 111,
1488 4095 1610 4150 587.

581 4195 675 4263 31)
713 4191 1034 4249 Bibliothek
1073 4192 1170 4246 der
1207 4192 1361 4247 alten
1397 4190 1689 4246 Literatur
1723 4207 1775 4245 u.
1815 4191 2002 4244 Kunst
2040 4189 2099 4244 II
2135 4207 2187 4259 p.
2227 4190 2298 4244 85
2335 4206 2413 4258 sq.

576 4290 668 4360 32)
706 4289 891 4344 Ueber
928 4287 1111 4357 Apoll.
1150 4286 1327 4342 Rhod.
1365 4303 1496 4356 pag.
1538 4286 1659 4354 139,
1700 4285 1885 4340 adnot.
1932 4284 2047 4339 176.

576 4384 666 4453 33)
706 4383 1035 4454 Dor.Ipag.
1055 4382 1142 4451 28,
1181 4381 1308 4443 adn.
1330 4382 1390 4450 53
1430 4379 1572 4437 conf.
1593 4379 1873 4436 Welcker.
1912 4379 2060 4448 Cycl.
2090 4395 2172 4449 ep.
2196 4395 2325 4448 pag.
2347 4377 2651 4433 263-266.

2149 4471 2227 4531 2*
