3259 5042
1358 318 1773 378 ...41-

683 497 886 554 Zenob.
1443 496 1698 567 Apollod.
2230 494 2483 551 TzetzeS.

1629 713 1726 766 καὶ
1761 714 1875 766 τῶν

1189 785 1246 843 ἔξ
1282 779 1457 843 Ἰνοῦς
1503 789 1625 837 ἐστε
1665 780 1769 853 ἠθη
1805 789 1939 837 παί-

1190 854 1320 907 δων.
1360 853 1489 923 (ΠΙ,
1528 853 1578 923 4,
1656 857 1763 925 ,4)
1818 851 1846 908 ὅ
1885 857 1944 909 δὲ
2630 850 2733 906 τὸν

1187 921 1459 1013 (Ἑρμῆς)
1473 929 1689 1016 κομίζει
1708 924 1834 1013 (Δι’
1784 947 1939 980 ιονυ-
1979 925 2261 983 Διόνυσον

1188 999 1313 1067 σον)
1350 995 1521 1089 πρὸς
1511 995 1633 1051 ’1νώ
1661 1000 1756 1051 καὶ
1772 996 1939 1052 Ἀθα-

1183 1087 1399 1154 μαντα
1431 1071 1525 1122 καὶ
1573 1073 1760 1123 πείθει
1817 1075 1939 1145 τρέ-

1186 1157 1284 1210 φει
1289 1162 1322 1192 ν
1360 1135 1432 1200 ὥς
1460 1138 1657 1228 κόρην.
2123 1137 2195 1202 ὥς
2227 1138 2403 1229 κόρην
2441 1137 2730 1211 ἀνέτρεφε,

1188 1210 1629 1282 ἀγανακτήσασα
1694 1214 1752 1266 δὲ
1795 1208 1941 1286 Ἦρα
1979 1210 2183 1304 λαβών.
2201 1212 2338 1284 παρ’
2362 1206 2608 1299 Ἑρμοῦ,

394 1291 699 1377 μανίαν
821 1286 1152 1358 ἐμβαλόντες
1183 1287 1403 1356 μανίαν
1472 1283 1663 1344 αὐτοῖς
1720 1287 1941 1356 ἐνέβαλε
1976 1287 2072 1340 καὶ
2106 1287 2219 1338 τῶν
2264 1288 2321 1346 ἐξ
2362 1280 2539 1344 Ἰνοῦς
2574 1290 2728 1338 ἔστε-

405 1356 518 1412 Ινῶ
535 1359 768 1411 τοιαῦτα
787 1363 1001 1412 παθεῖν
1037 1377 1148 1412 πα-
1189 1358 1304 1410 κτλ.
1980 1356 2120 1432 ρῆθη
2155 1357 2450 1410 παίδων..
2490 1391 2507 1410 .

403 1431 765 1503 ρεσκεὺασαν.

632 1944 1038 2028 Intellegitur
1097 1945 1259 2011 mira
1320 1944 1665 2012 similitudo
1720 1944 2118 2011 intercedere
2169 1945 2340 2012 inter
2394 1943 2555 2011 hanc
2612 1951 2683 2011 et

470 2053 777 2120 Herodoti
818 2054 1262 2118 narrationem.
1349 2052 1483 2119 Nec
1525 2052 1662 2118 veri
1702 2051 2004 2117 dissimile
2050 2059 2152 2119 est
2193 2052 2560 2134 Sophoclem
2601 2052 2684 2119 ab

471 2159 786 2239 historico,
843 2179 967 2242 quo
1008 2159 1404 2225 familiariter
1446 2158 1766 2238 utebatur,
1810 2159 1921 2223 illa
1960 2162 2319 2224 mutuatum
2362 2177 2520 2238 esse,
2564 2158 2685 2223 nisi

472 2265 636 2348 quod
700 2271 1052 2348 temporum
1113 2267 1359 2331 ratione
1425 2272 1773 2332 commotus
1829 2264 2103 2348 Cytisori
2163 2266 2296 2330 loco
2345 2264 2683 2330 Herculem

473 2373 841 2439 Athamanti
882 2374 1153 2440 salutem
1195 2374 1374 2440 finxit
1416 2354 1809 2440 afferentem.

635 2479 1026 2567 Loquentem
1070 2499 1211 2546 cum
1254 2499 1417 2546 unus
1457 2498 1492 2545 e
1535 2479 1988 2546 vetustioribus
2026 2479 2341 2546 historicis
2370 2479 2685 2546 induxerit

472 2589 830 2655 Hecataeus
871 2590 1157 2669 arietem,
1217 2589 1557 2669 Sophocles
1595 2596 1670 2655 ut
1712 2588 1856 2654 huic
1899 2588 2147 2668 debeat,
2189 2587 2329 2654 fieri
2370 2595 2601 2670 potest.

638 2694 942 2773 Quoniam
983 2695 1179 2774 igitur
1223 2694 1613 2775 Apostolium
1636 2694 1980 2775 Sophoclea
2022 2693 2371 2759 reddidisse
2414 2699 2683 2774 constat,

473 2801 835 2884 Apollodori
878 2802 1305 2866 narrationem
1361 2799 1442 2865 ad
1485 2800 1760 2865 alterum
1802 2805 2055 2883 poetam
2096 2800 2407 2881 tragicum
2448 2800 2686 2866 refere-

475 2927 631 2973 mus,
719 2907 807 2972 At
846 2906 1111 2972 tradidit
1150 2906 1408 2972 tertiam
1455 2905 1710 2972 fabulae
1752 2905 2016 2973 formam
2059 2906 2344 2989 Hyginus
2367 2906 2454 2991 ²):

638 3014 908 3079 Phrixus
950 3033 1093 3079 sua
1135 3018 1424 3096 sponte
1488 3031 1558 3078 se
1622 3031 1738 3094 pro
1802 3014 2058 3079 civitate
2129 3014 2503 3078 moriturum
2547 3031 2687 3078 esse

474 3121 811 3202 promittit,
851 3119 963 3186 sed
1007 3127 1301 3185 servatur
1340 3139 1456 3202 per
1497 3119 1801 3185 famulum
1842 3119 2102 3186 insidias
2146 3119 2560 3186 deferentem.

642 3227 805 3306 Quid
845 3229 1040 3308 igitur
1088 3228 1167 3293 de
1209 3227 1453 3292 duabus
1509 3227 1740 3293 fabulis
1782 3227 2129 3293 faciamus?
2200 3226 2358 3292 Cum
2406 3227 2576 3292 inter
2616 3246 2688 3291 se

475 3334 740 3400 multum
770 3334 1149 3415 discrepent,
1196 3353 1304 3399 eas
1333 3335 1498 3398 male
1529 3332 1775 3400 confert
1792 3333 2183 3413 Hartungius
2205 3333 2258 3417 ³)
2290 3333 2376 3398 ad-
2391 3333 2689 3398 Phrixum

475 3438 793 3521 Euripidis
835 3439 1314 3505 restituendum.
1374 3440 1538 3505 Sane
1585 3458 1747 3521 quae
1791 3445 2063 3520 exstant,
2107 3438 2480 3520 fragmentis
2529 3438 2687 3503 indi-

476 3547 607 3613 cari
670 3545 922 3610 videtur
985 3545 1388 3610 Welckerum
1412 3549 1464 3623 4)
1526 3554 1704 3611 recte
1777 3566 1853 3611 ex
1914 3545 2146 3628 Hygini
2214 3543 2338 3610 fab.
2383 3545 2446 3609 Π
2487 3553 2555 3610 et
2594 3545 2689 3610 ΠΙ

475 3653 661 3719 huius
708 3652 1071 3733 tragoediae
1112 3660 1555 3732 argumentum
1595 3653 2012 3735 quaesivisse:

642 3759 847 3824 Senex
889 3759 1096 3840 gentis
1142 3757 1455 3825 Cadmeae
1498 3778 1723 3825 servus
1746 3763 1795 3836 5)
1836 3758 1916 3824 ab
1959 3760 2154 3824 Inone
2196 3765 2533 3841 corruptus
2575 3758 2690 3824 fal-

619 3971 677 4042 2)
712 3970 823 4026 fab.
860 3970 921 4024 H
958 3976 1019 4025 et
1053 3969 1161 4024 111.

620 4065 677 4137 3)
713 4066 1007 4135 Euripides
1041 4065 1343 4121 restitutus
1381 4064 1442 4120 II
1479 4082 1607 4136 pag.
1649 4063 1949 4120 143—148.

618 4161 675 4227 4)
713 4160 817 4216 Die
853 4158 1235 4231 griechischen
1272 4158 1590 4230 Tragodien
1627 4160 1704 4230 H,
1741 4176 1870 4230 pag.
1910 4156 2232 4218 all—615:

622 4255 683 4325 5)
720 4255 924 4310 Athen.
961 4254 1059 4322 VI,
1096 4270 1147 4323 p.
1170 4253 1278 4308 264
1314 4253 1355 4308 C
1394 4254 1482 4321 (fr.
1511 4253 1616 4310 827
1653 4270 1758 4309 sec.
1778 4252 1990 4310 Nauck.
2012 4254 2184 4326 Trag.
2210 4253 2405 4312 Graec.
2431 4252 2690 4330 fragm.):

724 4350 912 4426 λάτρις
947 4352 1215 4421 πενέστης
1252 4343 1395 4423 ἁμὸς
1435 4345 1688 4426 ἀρχαίων
1724 4345 1934 4427 δόμων.

3211 1470 3214 1485 „.
3211 1418 3214 1457 4⁴
3205 1314 3212 1403 μω
3197 1172 3210 1301 ,μμ-ι,
3197 1092 3206 1157 4.-
