<?xml version="1.0" encoding="UTF-8"?>
<!DOCTYPE html PUBLIC "-//W3C//DTD XHTML 1.0 Transitional//EN"
    "http://www.w3.org/TR/xhtml1/DTD/xhtml1-transitional.dtd">
<html xmlns="http://www.w3.org/1999/xhtml" xml:lang="en" lang="en">
 <head>
  <title>
</title>
<meta http-equiv="Content-Type" content="text/html;charset=utf-8" />
  <meta name='ocr-system' content='tesseract 3.04.00' />
  <meta name='ocr-capabilities' content='ocr_page ocr_carea ocr_par ocr_line ocrx_word'/>
</head>
<body>
  <div class='ocr_page' id='page_1' title='image "./deargonautarumf00kenngoog_0014.png"; bbox 0 0 3259 5042; ppageno 0'>
   <div class='ocr_carea' id='block_1_1' title="bbox 1449 311 1862 378">
    <p class='ocr_par' dir='ltr' id='par_1_1' title="bbox 1449 311 1862 378">
     <span class='ocr_line' id='line_1_1' title="bbox 1449 311 1862 378; baseline 0.007 -20"><span class='ocrx_word' id='word_1_1' title='bbox 1449 311 1862 378; x_wconf 60' lang='lat' dir='ltr'>...m-</span> 
     </span>
    </p>
   </div>
   <div class='ocr_carea' id='block_1_2' title="bbox 532 485 2781 2578">
    <p class='ocr_par' dir='ltr' id='par_1_2' title="bbox 545 485 2761 889">
     <span class='ocr_line' id='line_1_2' title="bbox 713 485 2760 572; baseline 0.002 -20"><span class='ocrx_word' id='word_1_2' title='bbox 713 485 1036 565; x_wconf 77' lang='lat' dir='ltr'>AthamaS,</span> <span class='ocrx_word' id='word_1_3' title='bbox 1079 485 1307 568; x_wconf 89' lang='lat' dir='ltr'>quippe</span> <span class='ocrx_word' id='word_1_4' title='bbox 1331 487 1436 568; x_wconf 92' lang='lat' dir='ltr'>qui</span> <span class='ocrx_word' id='word_1_5' title='bbox 1453 486 1611 552; x_wconf 89' lang='lat' dir='ltr'>deae</span> <span class='ocrx_word' id='word_1_6' title='bbox 1635 487 1966 552; x_wconf 83' lang='lat' dir='ltr'>mortalem</span> <span class='ocrx_word' id='word_1_7' title='bbox 1986 487 2462 572; x_wconf 82' lang='lat' dir='ltr'><strong>superduxisset</strong></span> <span class='ocrx_word' id='word_1_8' title='bbox 2482 510 2760 572; x_wconf 90' lang='lat' dir='ltr'>uxorem,</span> 
     </span>
     <span class='ocr_line' id='line_1_3' title="bbox 547 591 2761 677; baseline 0.002 -18"><span class='ocrx_word' id='word_1_9' title='bbox 547 601 833 676; x_wconf 92' lang='lat' dir='ltr'>posteros</span> <span class='ocrx_word' id='word_1_10' title='bbox 876 592 1179 671; x_wconf 82' lang='lat' dir='ltr'>religione</span> <span class='ocrx_word' id='word_1_11' title='bbox 1221 591 1648 658; x_wconf 83' lang='lat' dir='ltr'>obstrinxerat</span> <span class='ocrx_word' id='word_1_12' title='bbox 1670 593 1741 677; x_wconf 80' lang='lat'>⁶),</span> <span class='ocrx_word' id='word_1_13' title='bbox 1815 593 1895 657; x_wconf 89' lang='lat' dir='ltr'>ad</span> <span class='ocrx_word' id='word_1_14' title='bbox 1958 614 2145 676; x_wconf 85' lang='lat' dir='ltr'>quam</span> <span class='ocrx_word' id='word_1_15' title='bbox 2205 596 2577 677; x_wconf 85' lang='lat' dir='ltr'>expiandam</span> <span class='ocrx_word' id='word_1_16' title='bbox 2619 598 2761 664; x_wconf 88' lang='lat' dir='ltr'>Jovi</span> 
     </span>
     <span class='ocr_line' id='line_1_4' title="bbox 546 698 2760 783; baseline 0.002 -18"><span class='ocrx_word' id='word_1_17' title='bbox 546 700 889 782; x_wconf 88' lang='lat' dir='ltr'>Laphystio</span> <span class='ocrx_word' id='word_1_18' title='bbox 932 698 1236 763; x_wconf 90' lang='lat' dir='ltr'>maximus</span> <span class='ocrx_word' id='word_1_19' title='bbox 1280 698 1544 781; x_wconf 90' lang='lat' dir='ltr'>quisque</span> <span class='ocrx_word' id='word_1_20' title='bbox 1589 704 1743 763; x_wconf 90' lang='lat' dir='ltr'>natu</span> <span class='ocrx_word' id='word_1_21' title='bbox 1786 699 1886 763; x_wconf 91' lang='lat' dir='ltr'>vel</span> <span class='ocrx_word' id='word_1_22' title='bbox 1931 699 2066 765; x_wconf 91' lang='lat' dir='ltr'>eius</span> <span class='ocrx_word' id='word_1_23' title='bbox 2103 699 2259 779; x_wconf 93' lang='lat' dir='ltr'>loco,</span> <span class='ocrx_word' id='word_1_24' title='bbox 2304 702 2357 766; x_wconf 92' lang='lat' dir='ltr'>si</span> <span class='ocrx_word' id='word_1_25' title='bbox 2399 700 2549 783; x_wconf 90' lang='lat' dir='ltr'>fuga</span> <span class='ocrx_word' id='word_1_26' title='bbox 2592 704 2760 769; x_wconf 91' lang='lat' dir='ltr'>salu-</span> 
     </span>
     <span class='ocr_line' id='line_1_5' title="bbox 545 803 1758 889; baseline -0.001 -18"><span class='ocrx_word' id='word_1_27' title='bbox 545 813 676 871; x_wconf 91' lang='lat' dir='ltr'>tem</span> <span class='ocrx_word' id='word_1_28' title='bbox 718 805 1012 887; x_wconf 91' lang='lat' dir='ltr'>petierat,</span> <span class='ocrx_word' id='word_1_29' title='bbox 1056 804 1223 868; x_wconf 91' lang='lat' dir='ltr'>aries</span> <span class='ocrx_word' id='word_1_30' title='bbox 1267 803 1758 889; x_wconf 39' lang='lat' dir='ltr'>mactabatur-⁷).</span> 
     </span>
    </p>

    <p class='ocr_par' dir='ltr' id='par_1_3' title="bbox 544 897 2757 1099">
     <span class='ocr_line' id='line_1_6' title="bbox 711 897 2757 997; baseline 0.003 -23"><span class='ocrx_word' id='word_1_31' title='bbox 711 910 940 976; x_wconf 87' lang='lat' dir='ltr'>Postea</span> <span class='ocrx_word' id='word_1_32' title='bbox 982 909 1234 974; x_wconf 90' lang='lat' dir='ltr'>demum</span> <span class='ocrx_word' id='word_1_33' title='bbox 1275 897 1543 975; x_wconf 74' lang='lat' dir='ltr'>Phrixus</span> <span class='ocrx_word' id='word_1_34' title='bbox 1560 954 1569 961; x_wconf 91' lang='lat'>-</span> <span class='ocrx_word' id='word_1_35' title='bbox 1585 919 1847 992; x_wconf 88' lang='lat' dir='ltr'>propter</span> <span class='ocrx_word' id='word_1_36' title='bbox 1886 911 2144 978; x_wconf 83' lang='lat' dir='ltr'>insidias</span> <span class='ocrx_word' id='word_1_37' title='bbox 2188 928 2494 980; x_wconf 88' lang='lat' dir='ltr'>novercae</span> <span class='ocrx_word' id='word_1_38' title='bbox 2522 914 2757 997; x_wconf 85' lang='lat' dir='ltr'>fugisse</span> 
     </span>
     <span class='ocr_line' id='line_1_7' title="bbox 544 1015 1367 1099; baseline -0.004 -17"><span class='ocrx_word' id='word_1_39' title='bbox 544 1017 826 1083; x_wconf 92' lang='lat' dir='ltr'>fabulose</span> <span class='ocrx_word' id='word_1_40' title='bbox 872 1015 1275 1081; x_wconf 83' lang='lat' dir='ltr'>referebatur</span> <span class='ocrx_word' id='word_1_41' title='bbox 1294 1015 1367 1099; x_wconf 79' lang='lat'>⁸).</span> 
     </span>
    </p>

    <p class='ocr_par' dir='ltr' id='par_1_4' title="bbox 541 1119 2781 1412">
     <span class='ocr_line' id='line_1_8' title="bbox 708 1119 2756 1215; baseline 0.002 -27"><span class='ocrx_word' id='word_1_42' title='bbox 708 1121 1140 1205; x_wconf 87' lang='lat' dir='ltr'>Expeditionis</span> <span class='ocrx_word' id='word_1_43' title='bbox 1182 1140 1332 1187; x_wconf 89' lang='lat' dir='ltr'>vero</span> <span class='ocrx_word' id='word_1_44' title='bbox 1374 1119 1884 1215; x_wconf 74' lang='lat' dir='ltr'>Argonautarum</span> <span class='ocrx_word' id='word_1_45' title='bbox 1927 1123 2141 1190; x_wconf 85' lang='lat' dir='ltr'>fabula</span> <span class='ocrx_word' id='word_1_46' title='bbox 2185 1145 2308 1191; x_wconf 93' lang='lat' dir='ltr'>non</span> <span class='ocrx_word' id='word_1_47' title='bbox 2349 1127 2551 1192; x_wconf 93' lang='lat' dir='ltr'>solum</span> <span class='ocrx_word' id='word_1_48' title='bbox 2586 1129 2756 1193; x_wconf 89' lang='lat' dir='ltr'>navi·</span> 
     </span>
     <span class='ocr_line' id='line_1_9' title="bbox 541 1227 2757 1317; baseline 0.001 -23"><span class='ocrx_word' id='word_1_49' title='bbox 541 1230 778 1311; x_wconf 84' lang='lat' dir='ltr'>gationi</span> <span class='ocrx_word' id='word_1_50' title='bbox 825 1248 864 1294; x_wconf 91' lang='lat' dir='ltr'>a</span> <span class='ocrx_word' id='word_1_51' title='bbox 905 1228 1133 1310; x_wconf 82' lang='lat' dir='ltr'>Minyis</span> <span class='ocrx_word' id='word_1_52' title='bbox 1173 1227 1392 1309; x_wconf 89' lang='lat' dir='ltr'>primis</span> <span class='ocrx_word' id='word_1_53' title='bbox 1436 1227 1751 1294; x_wconf 85' lang='lat' dir='ltr'>exercitae</span> <span class='ocrx_word' id='word_1_54' title='bbox 1793 1230 2097 1310; x_wconf 80' lang='lat' dir='ltr'>originem</span> <span class='ocrx_word' id='word_1_55' title='bbox 2139 1230 2391 1317; x_wconf 88' lang='lat' dir='ltr'>debere,</span> <span class='ocrx_word' id='word_1_56' title='bbox 2436 1233 2551 1298; x_wconf 89' lang='lat' dir='ltr'>sed</span> <span class='ocrx_word' id='word_1_57' title='bbox 2594 1251 2757 1299; x_wconf 90' lang='lat' dir='ltr'>com-</span> 
     </span>
     <span class='ocr_line' id='line_1_10' title="bbox 541 1322 2781 1412; baseline 0.002 -16"><span class='ocrx_word' id='word_1_58' title='bbox 541 1331 906 1396; x_wconf 88' lang='lat' dir='ltr'>menticiam</span> <span class='ocrx_word' id='word_1_59' title='bbox 948 1328 1263 1411; x_wconf 84' lang='lat' dir='ltr'>quandam</span> <span class='ocrx_word' id='word_1_60' title='bbox 1308 1322 1837 1412; x_wconf 88' lang='lat' dir='ltr'>symbolicamque</span> <span class='ocrx_word' id='word_1_61' title='bbox 1882 1331 2006 1395; x_wconf 87' lang='lat' dir='ltr'>vim</span> <span class='ocrx_word' id='word_1_62' title='bbox 2049 1330 2284 1398; x_wconf 88' lang='lat' dir='ltr'>habere</span> <span class='ocrx_word' id='word_1_63' title='bbox 2329 1333 2388 1398; x_wconf 95' lang='lat' dir='ltr'>ei</span> <span class='ocrx_word' id='word_1_64' title='bbox 2418 1332 2672 1398; x_wconf 90' lang='lat' dir='ltr'>videtur</span> <span class='ocrx_word' id='word_1_65' title='bbox 2686 1337 2781 1411; x_wconf 80' lang='lat'>⁹).&#39;</span> 
     </span>
    </p>

    <p class='ocr_par' dir='ltr' id='par_1_5' title="bbox 539 1431 2759 1940">
     <span class='ocr_line' id='line_1_11' title="bbox 706 1431 2759 1518; baseline 0.002 -18"><span class='ocrx_word' id='word_1_66' title='bbox 706 1435 991 1516; x_wconf 88' lang='lat' dir='ltr'>Namque</span> <span class='ocrx_word' id='word_1_67' title='bbox 1036 1433 1076 1498; x_wconf 89' lang='lat' dir='ltr'><strong>J</strong></span> <span class='ocrx_word' id='word_1_68' title='bbox 1078 1451 1333 1499; x_wconf 87' lang='lat' dir='ltr'>asonem</span> <span class='ocrx_word' id='word_1_69' title='bbox 1376 1431 1563 1503; x_wconf 91' lang='lat' dir='ltr'>deum</span> <span class='ocrx_word' id='word_1_70' title='bbox 1608 1453 1748 1500; x_wconf 92' lang='lat' dir='ltr'>esse</span> <span class='ocrx_word' id='word_1_71' title='bbox 1790 1454 1941 1500; x_wconf 88' lang='lat' dir='ltr'>vere</span> <span class='ocrx_word' id='word_1_72' title='bbox 1983 1437 2541 1518; x_wconf 81' lang='lat' dir='ltr'>reconciliatorem,</span> <span class='ocrx_word' id='word_1_73' title='bbox 2608 1459 2759 1505; x_wconf 91' lang='lat' dir='ltr'>eun-</span> 
     </span>
     <span class='ocr_line' id='line_1_12' title="bbox 541 1536 2758 1628; baseline 0 -20"><span class='ocrx_word' id='word_1_74' title='bbox 541 1542 685 1608; x_wconf 91' lang='lat' dir='ltr'>dem</span> <span class='ocrx_word' id='word_1_75' title='bbox 730 1560 873 1608; x_wconf 90' lang='lat' dir='ltr'>cum</span> <span class='ocrx_word' id='word_1_76' title='bbox 916 1540 956 1605; x_wconf 87' lang='lat' dir='ltr'><strong>J</strong></span> <span class='ocrx_word' id='word_1_77' title='bbox 959 1538 1513 1619; x_wconf 81' lang='lat' dir='ltr'>asione-Cadmilo,</span> <span class='ocrx_word' id='word_1_78' title='bbox 1587 1559 1711 1606; x_wconf 90' lang='lat' dir='ltr'>uno</span> <span class='ocrx_word' id='word_1_79' title='bbox 1756 1561 1790 1606; x_wconf 98' lang='lat' dir='ltr'>e</span> <span class='ocrx_word' id='word_1_80' title='bbox 1833 1541 2110 1623; x_wconf 84' lang='lat' dir='ltr'>Gabiris,</span> <span class='ocrx_word' id='word_1_81' title='bbox 2180 1543 2573 1628; x_wconf 91' lang='lat' dir='ltr'>eundemque</span> <span class='ocrx_word' id='word_1_82' title='bbox 2616 1536 2758 1611; x_wconf 85' lang='lat' dir='ltr'>cum</span> 
     </span>
     <span class='ocr_line' id='line_1_13' title="bbox 543 1645 2756 1731; baseline 0.001 -18"><span class='ocrx_word' id='word_1_83' title='bbox 543 1648 796 1726; x_wconf 84' lang='lat' dir='ltr'>Cadmo,</span> <span class='ocrx_word' id='word_1_84' title='bbox 866 1665 1020 1728; x_wconf 86' lang='lat' dir='ltr'>rege</span> <span class='ocrx_word' id='word_1_85' title='bbox 1064 1645 1420 1711; x_wconf 87' lang='lat' dir='ltr'>Thebarum</span> <span class='ocrx_word' id='word_1_86' title='bbox 1449 1648 1542 1725; x_wconf 86' lang='lat'>1⁰),</span> <span class='ocrx_word' id='word_1_87' title='bbox 1617 1653 1685 1712; x_wconf 92' lang='lat' dir='ltr'>et</span> <span class='ocrx_word' id='word_1_88' title='bbox 1747 1647 2006 1728; x_wconf 90' lang='lat' dir='ltr'>petiisse</span> <span class='ocrx_word' id='word_1_89' title='bbox 2067 1649 2286 1715; x_wconf 89' lang='lat' dir='ltr'>arietis</span> <span class='ocrx_word' id='word_1_90' title='bbox 2348 1669 2463 1731; x_wconf 91' lang='lat' dir='ltr'>pro</span> <span class='ocrx_word' id='word_1_91' title='bbox 2530 1651 2756 1716; x_wconf 90' lang='lat' dir='ltr'>Phrixo</span> 
     </span>
     <span class='ocr_line' id='line_1_14' title="bbox 539 1751 2756 1837; baseline 0.001 -17"><span class='ocrx_word' id='word_1_92' title='bbox 539 1755 799 1820; x_wconf 90' lang='lat' dir='ltr'>mactati</span> <span class='ocrx_word' id='word_1_93' title='bbox 840 1752 1043 1819; x_wconf 87' lang='lat' dir='ltr'>vellus</span> <span class='ocrx_word' id='word_1_94' title='bbox 1085 1751 1427 1833; x_wconf 85' lang='lat' dir='ltr'>Laphystio</span> <span class='ocrx_word' id='word_1_95' title='bbox 1469 1759 1787 1833; x_wconf 89' lang='lat' dir='ltr'>sacratum</span> <span class='ocrx_word' id='word_1_96' title='bbox 1831 1752 2170 1820; x_wconf 90' lang='lat' dir='ltr'>adiuvante</span> <span class='ocrx_word' id='word_1_97' title='bbox 2212 1755 2458 1837; x_wconf 90' lang='lat' dir='ltr'>Medea,</span> <span class='ocrx_word' id='word_1_98' title='bbox 2503 1757 2756 1822; x_wconf 91' lang='lat' dir='ltr'>numine</span> 
     </span>
     <span class='ocr_line' id='line_1_15' title="bbox 539 1858 1473 1940; baseline -0.003 -13"><span class='ocrx_word' id='word_1_99' title='bbox 539 1863 582 1927; x_wconf 87' lang='lat' dir='ltr'><strong>J</strong></span> <span class='ocrx_word' id='word_1_100' title='bbox 584 1861 806 1927; x_wconf 91' lang='lat' dir='ltr'>unonis</span> <span class='ocrx_word' id='word_1_101' title='bbox 848 1858 1019 1924; x_wconf 90' lang='lat' dir='ltr'>haud</span> <span class='ocrx_word' id='word_1_102' title='bbox 1061 1858 1348 1925; x_wconf 86' lang='lat' dir='ltr'>dissimili</span> <span class='ocrx_word' id='word_1_103' title='bbox 1372 1859 1473 1940; x_wconf 79' lang='grc'>11).</span> 
     </span>
    </p>

    <p class='ocr_par' dir='ltr' id='par_1_6' title="bbox 532 1962 2776 2578">
     <span class='ocr_line' id='line_1_16' title="bbox 702 1962 2754 2051; baseline 0.002 -19"><span class='ocrx_word' id='word_1_104' title='bbox 702 1966 830 2033; x_wconf 87' lang='lat' dir='ltr'>Sed</span> <span class='ocrx_word' id='word_1_105' title='bbox 871 1984 952 2031; x_wconf 92' lang='lat' dir='ltr'>ne</span> <span class='ocrx_word' id='word_1_106' title='bbox 992 1964 1157 2030; x_wconf 91' lang='lat' dir='ltr'>hanc</span> <span class='ocrx_word' id='word_1_107' title='bbox 1198 1962 1451 2046; x_wconf 90' lang='lat' dir='ltr'>quidem</span> <span class='ocrx_word' id='word_1_108' title='bbox 1512 1964 1992 2046; x_wconf 86' lang='lat' dir='ltr'>explicationem</span> <span class='ocrx_word' id='word_1_109' title='bbox 2050 1967 2299 2032; x_wconf 89' lang='lat' dir='ltr'>omnino</span> <span class='ocrx_word' id='word_1_110' title='bbox 2340 1968 2754 2051; x_wconf 89' lang='lat' dir='ltr'>probaverim.</span> 
     </span>
     <span class='ocr_line' id='line_1_17' title="bbox 537 2070 2758 2165; baseline 0.001 -26"><span class='ocrx_word' id='word_1_111' title='bbox 537 2072 700 2165; x_wconf 83' lang='lat' dir='ltr'>Nam</span> <span class='ocrx_word' id='word_1_112' title='bbox 738 2078 963 2154; x_wconf 90' lang='lat' dir='ltr'>gentes</span> <span class='ocrx_word' id='word_1_113' title='bbox 1001 2070 1276 2136; x_wconf 89' lang='lat' dir='ltr'>nondum</span> <span class='ocrx_word' id='word_1_114' title='bbox 1332 2070 1587 2137; x_wconf 83' lang='lat' dir='ltr'>adultae</span> <span class='ocrx_word' id='word_1_115' title='bbox 1645 2076 1713 2136; x_wconf 90' lang='lat' dir='ltr'>et</span> <span class='ocrx_word' id='word_1_116' title='bbox 1754 2073 1936 2154; x_wconf 86' lang='lat' dir='ltr'>quasi</span> <span class='ocrx_word' id='word_1_117' title='bbox 1987 2071 2261 2140; x_wconf 88' lang='lat' dir='ltr'>infantes</span> <span class='ocrx_word' id='word_1_118' title='bbox 2313 2074 2608 2156; x_wconf 87' lang='lat' dir='ltr'>ignorant</span> <span class='ocrx_word' id='word_1_119' title='bbox 2649 2095 2758 2142; x_wconf 89' lang='lat' dir='ltr'>res</span> 
     </span>
     <span class='ocr_line' id='line_1_18' title="bbox 536 2176 2770 2262; baseline 0.001 -16"><span class='ocrx_word' id='word_1_120' title='bbox 536 2198 755 2246; x_wconf 83' lang='lat' dir='ltr'>caecas</span> <span class='ocrx_word' id='word_1_121' title='bbox 816 2185 884 2244; x_wconf 92' lang='lat' dir='ltr'>et</span> <span class='ocrx_word' id='word_1_122' title='bbox 940 2176 1021 2243; x_wconf 92' lang='lat' dir='ltr'>ab</span> <span class='ocrx_word' id='word_1_123' title='bbox 1083 2182 1377 2257; x_wconf 89' lang='lat' dir='ltr'>aspectus</span> <span class='ocrx_word' id='word_1_124' title='bbox 1438 2176 1666 2242; x_wconf 91' lang='lat' dir='ltr'>iudicio</span> <span class='ocrx_word' id='word_1_125' title='bbox 1727 2183 2024 2259; x_wconf 85' lang='lat' dir='ltr'>remotas,</span> <span class='ocrx_word' id='word_1_126' title='bbox 2098 2197 2438 2262; x_wconf 88' lang='lat' dir='ltr'>earumque</span> <span class='ocrx_word' id='word_1_127' title='bbox 2503 2181 2770 2250; x_wconf 60' lang='lat' dir='ltr'>fabulae*</span> 
     </span>
     <span class='ocr_line' id='line_1_19' title="bbox 536 2281 2759 2370; baseline 0.001 -18"><span class='ocrx_word' id='word_1_128' title='bbox 536 2304 790 2367; x_wconf 87' lang='lat' dir='ltr'>semper</span> <span class='ocrx_word' id='word_1_129' title='bbox 829 2288 1092 2349; x_wconf 90' lang='lat' dir='ltr'>manant</span> <span class='ocrx_word' id='word_1_130' title='bbox 1134 2287 1248 2348; x_wconf 90' lang='lat' dir='ltr'>aut</span> <span class='ocrx_word' id='word_1_131' title='bbox 1291 2300 1368 2347; x_wconf 90' lang='lat' dir='ltr'>ex</span> <span class='ocrx_word' id='word_1_132' title='bbox 1423 2281 1553 2347; x_wconf 88' lang='lat' dir='ltr'>vita</span> <span class='ocrx_word' id='word_1_133' title='bbox 1595 2283 1986 2363; x_wconf 89' lang='lat' dir='ltr'>singulorum</span> <span class='ocrx_word' id='word_1_134' title='bbox 2036 2291 2150 2349; x_wconf 89' lang='lat' dir='ltr'>aut</span> <span class='ocrx_word' id='word_1_135' title='bbox 2209 2304 2286 2351; x_wconf 87' lang='lat' dir='ltr'>ex</span> <span class='ocrx_word' id='word_1_136' title='bbox 2327 2285 2517 2353; x_wconf 88' lang='lat' dir='ltr'>rebus</span> <span class='ocrx_word' id='word_1_137' title='bbox 2560 2289 2759 2370; x_wconf 87' lang='lat' dir='ltr'>gestis</span> 
     </span>
     <span class='ocr_line' id='line_1_20' title="bbox 539 2389 2759 2471; baseline 0.001 -13"><span class='ocrx_word' id='word_1_138' title='bbox 539 2393 737 2459; x_wconf 87' lang='lat' dir='ltr'>totius</span> <span class='ocrx_word' id='word_1_139' title='bbox 781 2389 1051 2455; x_wconf 90' lang='lat' dir='ltr'>nationis</span> <span class='ocrx_word' id='word_1_140' title='bbox 1097 2394 1210 2455; x_wconf 90' lang='lat' dir='ltr'>aut</span> <span class='ocrx_word' id='word_1_141' title='bbox 1252 2407 1329 2454; x_wconf 90' lang='lat' dir='ltr'>ex</span> <span class='ocrx_word' id='word_1_142' title='bbox 1383 2389 1491 2468; x_wconf 92' lang='lat' dir='ltr'>iis,</span> <span class='ocrx_word' id='word_1_143' title='bbox 1548 2407 1712 2471; x_wconf 92' lang='lat' dir='ltr'>quae</span> <span class='ocrx_word' id='word_1_144' title='bbox 1760 2390 1827 2454; x_wconf 91' lang='lat' dir='ltr'>in</span> <span class='ocrx_word' id='word_1_145' title='bbox 1866 2396 2095 2456; x_wconf 86' lang='lat' dir='ltr'>natura</span> <span class='ocrx_word' id='word_1_146' title='bbox 2136 2410 2353 2458; x_wconf 89' lang='lat' dir='ltr'>rerum</span> <span class='ocrx_word' id='word_1_147' title='bbox 2406 2393 2567 2460; x_wconf 92' lang='lat' dir='ltr'>fiunt</span> <span class='ocrx_word' id='word_1_148' title='bbox 2610 2400 2677 2461; x_wconf 88' lang='lat' dir='ltr'>et</span> <span class='ocrx_word' id='word_1_149' title='bbox 2720 2414 2759 2461; x_wconf 90' lang='lat' dir='ltr'>a</span> 
     </span>
     <span class='ocr_line' id='line_1_21' title="bbox 532 2488 2776 2578; baseline -0.005 -15"><span class='ocrx_word' id='word_1_150' title='bbox 532 2498 668 2564; x_wconf 91' lang='lat' dir='ltr'>deis</span> <span class='ocrx_word' id='word_1_151' title='bbox 710 2497 864 2578; x_wconf 89' lang='lat' dir='ltr'>ipsis</span> <span class='ocrx_word' id='word_1_152' title='bbox 906 2494 1122 2578; x_wconf 88' lang='lat' dir='ltr'>perfici</span> <span class='ocrx_word' id='word_1_153' title='bbox 1166 2493 1508 2575; x_wconf 89' lang='lat' dir='ltr'>finguntur.</span> <span class='ocrx_word' id='word_1_154' title='bbox 2656 2520 2658 2523; x_wconf 87' lang='grc'><em>·</em></span> <span class='ocrx_word' id='word_1_155' title='bbox 2769 2488 2776 2497; x_wconf 87' lang='grc'><strong><em>’</em></strong></span> 
     </span>
    </p>
   </div>
   <div class='ocr_carea' id='block_1_3' title="bbox 1561 2712 1715 2795">
    <p class='ocr_par' dir='ltr' id='par_1_7' title="bbox 1561 2712 1715 2795">
     <span class='ocr_line' id='line_1_22' title="bbox 1561 2712 1715 2795; baseline -0.019 -17"><span class='ocrx_word' id='word_1_156' title='bbox 1561 2712 1614 2795; x_wconf 62' lang='grc' dir='ltr'>ς.</span> <span class='ocrx_word' id='word_1_157' title='bbox 1656 2714 1715 2777; x_wconf 83' lang='grc'>3.</span> 
     </span>
    </p>
   </div>
   <div class='ocr_carea' id='block_1_4' title="bbox 524 2872 2751 3589">
    <p class='ocr_par' dir='ltr' id='par_1_8' title="bbox 528 2872 2751 3061">
     <span class='ocr_line' id='line_1_23' title="bbox 695 2872 2751 2955; baseline 0.001 -17"><span class='ocrx_word' id='word_1_158' title='bbox 695 2872 738 2938; x_wconf 87' lang='lat' dir='ltr'><strong>J</strong></span> <span class='ocrx_word' id='word_1_159' title='bbox 738 2891 840 2938; x_wconf 91' lang='lat' dir='ltr'>am</span> <span class='ocrx_word' id='word_1_160' title='bbox 884 2891 1033 2939; x_wconf 88' lang='lat' dir='ltr'>vero</span> <span class='ocrx_word' id='word_1_161' title='bbox 1076 2872 1364 2955; x_wconf 90' lang='lat' dir='ltr'>equidem</span> <span class='ocrx_word' id='word_1_162' title='bbox 1408 2873 1743 2938; x_wconf 86' lang='lat' dir='ltr'>sententiis</span> <span class='ocrx_word' id='word_1_163' title='bbox 1771 2873 1970 2953; x_wconf 88' lang='lat' dir='ltr'>nixus,</span> <span class='ocrx_word' id='word_1_164' title='bbox 2017 2890 2174 2954; x_wconf 89' lang='lat' dir='ltr'>quas</span> <span class='ocrx_word' id='word_1_165' title='bbox 2215 2878 2472 2939; x_wconf 87' lang='lat' dir='ltr'>nostrae</span> <span class='ocrx_word' id='word_1_166' title='bbox 2519 2875 2751 2940; x_wconf 91' lang='lat' dir='ltr'>aetatis</span> 
     </span>
     <span class='ocr_line' id='line_1_24' title="bbox 528 2976 2580 3061; baseline 0 -17"><span class='ocrx_word' id='word_1_167' title='bbox 528 2978 648 3044; x_wconf 90' lang='lat' dir='ltr'>viri</span> <span class='ocrx_word' id='word_1_168' title='bbox 688 2978 1028 3044; x_wconf 90' lang='lat' dir='ltr'>doctissimi</span> <span class='ocrx_word' id='word_1_169' title='bbox 1069 2983 1476 3061; x_wconf 85' lang='lat' dir='ltr'>aperuerunt,</span> <span class='ocrx_word' id='word_1_170' title='bbox 1521 2976 1801 3042; x_wconf 84' lang='lat' dir='ltr'>fabulam</span> <span class='ocrx_word' id='word_1_171' title='bbox 1848 2976 2184 3059; x_wconf 90' lang='lat' dir='ltr'>explanare</span> <span class='ocrx_word' id='word_1_172' title='bbox 2226 2977 2580 3060; x_wconf 90' lang='lat' dir='ltr'>aggrediar.</span> 
     </span>
    </p>

    <p class='ocr_par' dir='ltr' id='par_1_9' title="bbox 524 3082 2750 3589">
     <span class='ocr_line' id='line_1_25' title="bbox 693 3082 2750 3153; baseline 0 -4"><span class='ocrx_word' id='word_1_173' title='bbox 693 3084 1000 3149; x_wconf 86' lang='lat' dir='ltr'>Cadmum</span> <span class='ocrx_word' id='word_1_174' title='bbox 1065 3091 1316 3150; x_wconf 89' lang='lat' dir='ltr'>veteres</span> <span class='ocrx_word' id='word_1_175' title='bbox 1377 3102 1595 3149; x_wconf 91' lang='lat' dir='ltr'>omnes</span> <span class='ocrx_word' id='word_1_176' title='bbox 1656 3102 1690 3148; x_wconf 92' lang='lat' dir='ltr'>e</span> <span class='ocrx_word' id='word_1_177' title='bbox 1755 3082 2092 3150; x_wconf 90' lang='lat' dir='ltr'>Phoenicia</span> <span class='ocrx_word' id='word_1_178' title='bbox 2156 3083 2460 3150; x_wconf 87' lang='lat' dir='ltr'>coloniam</span> <span class='ocrx_word' id='word_1_179' title='bbox 2501 3085 2750 3153; x_wconf 88' lang='lat' dir='ltr'>Thebas</span> 
     </span>
     <span class='ocr_line' id='line_1_26' title="bbox 529 3189 2749 3273; baseline 0 -17"><span class='ocrx_word' id='word_1_180' title='bbox 529 3190 864 3256; x_wconf 86' lang='lat' dir='ltr'>deduxisse</span> <span class='ocrx_word' id='word_1_181' title='bbox 907 3189 1334 3257; x_wconf 85' lang='lat' dir='ltr'>crediderunt.</span> <span class='ocrx_word' id='word_1_182' title='bbox 1420 3190 1873 3256; x_wconf 87' lang='lat' dir='ltr'>Recentiorum</span> <span class='ocrx_word' id='word_1_183' title='bbox 1927 3190 2281 3271; x_wconf 91' lang='lat' dir='ltr'>complures</span> <span class='ocrx_word' id='word_1_184' title='bbox 2339 3191 2749 3273; x_wconf 89' lang='lat' dir='ltr'>improbabile</span> 
     </span>
     <span class='ocr_line' id='line_1_27' title="bbox 529 3294 2749 3378; baseline -0 -16"><span class='ocrx_word' id='word_1_185' title='bbox 529 3315 669 3362; x_wconf 89' lang='lat' dir='ltr'>esse</span> <span class='ocrx_word' id='word_1_186' title='bbox 711 3296 839 3362; x_wconf 89' lang='lat' dir='ltr'>rati</span> <span class='ocrx_word' id='word_1_187' title='bbox 898 3315 938 3361; x_wconf 93' lang='lat' dir='ltr'>a</span> <span class='ocrx_word' id='word_1_188' title='bbox 973 3302 1164 3378; x_wconf 88' lang='lat' dir='ltr'>gente</span> <span class='ocrx_word' id='word_1_189' title='bbox 1212 3296 1529 3361; x_wconf 88' lang='lat' dir='ltr'>maritima</span> <span class='ocrx_word' id='word_1_190' title='bbox 1571 3295 2072 3377; x_wconf 87' lang='lat' dir='ltr'>mercatoriaque</span> <span class='ocrx_word' id='word_1_191' title='bbox 2115 3294 2335 3363; x_wconf 88' lang='lat' dir='ltr'>urbem</span> <span class='ocrx_word' id='word_1_192' title='bbox 2380 3296 2561 3362; x_wconf 90' lang='lat' dir='ltr'>condi</span> <span class='ocrx_word' id='word_1_193' title='bbox 2606 3315 2749 3377; x_wconf 87' lang='lat' dir='ltr'>pro-</span> 
     </span>
     <span class='ocr_line' id='line_1_28' title="bbox 527 3401 2749 3485; baseline 0 -18"><span class='ocrx_word' id='word_1_194' title='bbox 527 3402 629 3469; x_wconf 90' lang='lat' dir='ltr'>cul</span> <span class='ocrx_word' id='word_1_195' title='bbox 667 3421 706 3468; x_wconf 92' lang='lat' dir='ltr'>a</span> <span class='ocrx_word' id='word_1_196' title='bbox 749 3402 935 3468; x_wconf 90' lang='lat' dir='ltr'>litore</span> <span class='ocrx_word' id='word_1_197' title='bbox 979 3420 1121 3467; x_wconf 90' lang='lat' dir='ltr'>eam</span> <span class='ocrx_word' id='word_1_198' title='bbox 1161 3402 1517 3485; x_wconf 90' lang='lat' dir='ltr'>opinionem</span> <span class='ocrx_word' id='word_1_199' title='bbox 1558 3403 2108 3484; x_wconf 89' lang='lat' dir='ltr'>impugnaverunt.</span> <span class='ocrx_word' id='word_1_200' title='bbox 2196 3404 2281 3468; x_wconf 90' lang='lat' dir='ltr'>At</span> <span class='ocrx_word' id='word_1_201' title='bbox 2321 3401 2398 3468; x_wconf 91' lang='lat' dir='ltr'>iis</span> <span class='ocrx_word' id='word_1_202' title='bbox 2448 3401 2565 3468; x_wconf 90' lang='lat' dir='ltr'>hoc</span> <span class='ocrx_word' id='word_1_203' title='bbox 2608 3409 2749 3467; x_wconf 88' lang='lat' dir='ltr'>tan-</span> 
     </span>
     <span class='ocr_line' id='line_1_29' title="bbox 524 3505 2748 3589; baseline -0 -16"><span class='ocrx_word' id='word_1_204' title='bbox 524 3512 661 3573; x_wconf 90' lang='lat' dir='ltr'>tum</span> <span class='ocrx_word' id='word_1_205' title='bbox 727 3506 1071 3575; x_wconf 90' lang='lat' dir='ltr'>concedere</span> <span class='ocrx_word' id='word_1_206' title='bbox 1126 3526 1380 3589; x_wconf 90' lang='lat' dir='ltr'>possum</span> <span class='ocrx_word' id='word_1_207' title='bbox 1448 3508 1623 3573; x_wconf 90' lang='lat' dir='ltr'>illam</span> <span class='ocrx_word' id='word_1_208' title='bbox 1697 3506 1975 3573; x_wconf 89' lang='lat' dir='ltr'>fabulam</span> <span class='ocrx_word' id='word_1_209' title='bbox 2032 3505 2191 3572; x_wconf 89' lang='lat' dir='ltr'>falso</span> <span class='ocrx_word' id='word_1_210' title='bbox 2253 3506 2387 3573; x_wconf 92' lang='lat' dir='ltr'>loco</span> <span class='ocrx_word' id='word_1_211' title='bbox 2437 3526 2748 3573; x_wconf 90' lang='lat' dir='ltr'>annexam</span> 
     </span>
    </p>
   </div>
   <div class='ocr_carea' id='block_1_5' title="bbox 536 3665 957 3677">
    <p class='ocr_par' dir='ltr' id='par_1_10' title="bbox 536 3665 957 3677">
     <span class='ocr_line' id='line_1_30' title="bbox 536 3665 957 3677; baseline 0 0"><span class='ocrx_word' id='word_1_212' title='bbox 536 3665 957 3677; x_wconf 95' lang='lat' dir='ltr'> </span> 
     </span>
    </p>
   </div>
   <div class='ocr_carea' id='block_1_6' title="bbox 659 3754 2741 4299">
    <p class='ocr_par' dir='ltr' id='par_1_11' title="bbox 662 3754 1350 3826">
     <span class='ocr_line' id='line_1_31' title="bbox 662 3754 1350 3826; baseline 0.001 -17"><span class='ocrx_word' id='word_1_213' title='bbox 662 3755 722 3823; x_wconf 85' lang='grc'>6)</span> <span class='ocrx_word' id='word_1_214' title='bbox 761 3754 921 3810; x_wconf 89' lang='lat' dir='ltr'>Orch.</span> <span class='ocrx_word' id='word_1_215' title='bbox 962 3771 1090 3826; x_wconf 84' lang='lat' dir='ltr'>pag.</span> <span class='ocrx_word' id='word_1_216' title='bbox 1133 3756 1235 3810; x_wconf 82' lang='lat'>163</span> <span class='ocrx_word' id='word_1_217' title='bbox 1272 3770 1350 3823; x_wconf 87' lang='lat' dir='ltr'>sq.</span> 
     </span>
    </p>

    <p class='ocr_par' dir='ltr' id='par_1_12' title="bbox 668 3848 1390 3919">
     <span class='ocr_line' id='line_1_32' title="bbox 668 3848 1390 3919; baseline -0.003 -15"><span class='ocrx_word' id='word_1_218' title='bbox 668 3848 724 3918; x_wconf 76' lang='lat'>⁷)</span> <span class='ocrx_word' id='word_1_219' title='bbox 762 3848 923 3904; x_wconf 85' lang='lat' dir='ltr'>Orch.</span> <span class='ocrx_word' id='word_1_220' title='bbox 960 3864 1092 3919; x_wconf 83' lang='lat' dir='ltr'>pag.</span> <span class='ocrx_word' id='word_1_221' title='bbox 1134 3849 1238 3904; x_wconf 81' lang='lat'>156</span> <span class='ocrx_word' id='word_1_222' title='bbox 1275 3864 1390 3917; x_wconf 87' lang='lat' dir='ltr'>sqq.</span> 
     </span>
    </p>

    <p class='ocr_par' dir='ltr' id='par_1_13' title="bbox 663 3942 1343 4013">
     <span class='ocr_line' id='line_1_33' title="bbox 663 3942 1343 4013; baseline 0.001 -16"><span class='ocrx_word' id='word_1_223' title='bbox 663 3943 719 4011; x_wconf 92' lang='lat'>8)</span> <span class='ocrx_word' id='word_1_224' title='bbox 760 3943 920 3999; x_wconf 89' lang='lat' dir='ltr'>Orch.</span> <span class='ocrx_word' id='word_1_225' title='bbox 957 3960 1088 4013; x_wconf 81' lang='lat' dir='ltr'>pag.</span> <span class='ocrx_word' id='word_1_226' title='bbox 1128 3942 1230 3998; x_wconf 81' lang='lat'>164</span> <span class='ocrx_word' id='word_1_227' title='bbox 1266 3959 1343 4012; x_wconf 88' lang='lat' dir='ltr'>sq.</span> 
     </span>
    </p>

    <p class='ocr_par' dir='ltr' id='par_1_14' title="bbox 660 4037 1496 4109">
     <span class='ocr_line' id='line_1_34' title="bbox 660 4037 1496 4109; baseline -0.001 -16"><span class='ocrx_word' id='word_1_228' title='bbox 660 4040 718 4108; x_wconf 83' lang='lat'>9)</span> <span class='ocrx_word' id='word_1_229' title='bbox 758 4037 920 4096; x_wconf 89' lang='lat' dir='ltr'>Orch.</span> <span class='ocrx_word' id='word_1_230' title='bbox 957 4054 1094 4109; x_wconf 83' lang='lat' dir='ltr'>pag.</span> <span class='ocrx_word' id='word_1_231' title='bbox 1133 4039 1242 4093; x_wconf 82' lang='lat'>280</span> <span class='ocrx_word' id='word_1_232' title='bbox 1279 4044 1338 4094; x_wconf 88' lang='lat' dir='ltr'>et</span> <span class='ocrx_word' id='word_1_233' title='bbox 1373 4039 1496 4094; x_wconf 81' lang='lat'>260.</span> 
     </span>
    </p>

    <p class='ocr_par' dir='ltr' id='par_1_15' title="bbox 663 4131 1912 4211">
     <span class='ocr_line' id='line_1_35' title="bbox 663 4131 1912 4211; baseline 0.002 -24"><span class='ocrx_word' id='word_1_234' title='bbox 663 4134 752 4202; x_wconf 90' lang='lat'>10)</span> <span class='ocrx_word' id='word_1_235' title='bbox 793 4132 953 4189; x_wconf 88' lang='lat' dir='ltr'>Orch.</span> <span class='ocrx_word' id='word_1_236' title='bbox 990 4151 1120 4204; x_wconf 83' lang='lat' dir='ltr'>pag.</span> <span class='ocrx_word' id='word_1_237' title='bbox 1162 4131 1269 4189; x_wconf 76' lang='lat'>260</span> <span class='ocrx_word' id='word_1_238' title='bbox 1305 4149 1383 4202; x_wconf 87' lang='lat' dir='ltr'>sq.</span> <span class='ocrx_word' id='word_1_239' title='bbox 1424 4139 1483 4190; x_wconf 86' lang='lat' dir='ltr'>et</span> <span class='ocrx_word' id='word_1_240' title='bbox 1519 4133 1754 4204; x_wconf 86' lang='lat' dir='ltr'>Beilage</span> <span class='ocrx_word' id='word_1_241' title='bbox 1794 4133 1870 4189; x_wconf 89' lang='lat' dir='ltr'>H.</span> <span class='ocrx_word' id='word_1_242' title='bbox 1903 4194 1912 4211; x_wconf 70' lang='lat'>.</span> 
     </span>
    </p>

    <p class='ocr_par' dir='ltr' id='par_1_16' title="bbox 659 4227 2741 4299">
     <span class='ocr_line' id='line_1_36' title="bbox 659 4227 2741 4299; baseline -0 -15"><span class='ocrx_word' id='word_1_243' title='bbox 659 4229 749 4295; x_wconf 81' lang='lat'>11)</span> <span class='ocrx_word' id='word_1_244' title='bbox 785 4228 944 4284; x_wconf 89' lang='lat' dir='ltr'>Orch.</span> <span class='ocrx_word' id='word_1_245' title='bbox 983 4244 1111 4299; x_wconf 82' lang='lat' dir='ltr'>pag.</span> <span class='ocrx_word' id='word_1_246' title='bbox 1151 4229 1259 4284; x_wconf 82' lang='lat'>264</span> <span class='ocrx_word' id='word_1_247' title='bbox 1296 4245 1374 4297; x_wconf 86' lang='lat' dir='ltr'>sq.</span> <span class='ocrx_word' id='word_1_248' title='bbox 1430 4228 1829 4298; x_wconf 84' lang='lat' dir='ltr'>Prolegomena</span> <span class='ocrx_word' id='word_1_249' title='bbox 1866 4245 1938 4285; x_wconf 86' lang='lat' dir='ltr'>zu</span> <span class='ocrx_word' id='word_1_250' title='bbox 1976 4228 2130 4285; x_wconf 83' lang='lat' dir='ltr'>einer</span> <span class='ocrx_word' id='word_1_251' title='bbox 2168 4227 2741 4284; x_wconf 84' lang='lat' dir='ltr'>wissenschaftlichen</span> 
     </span>
    </p>
   </div>
   <div class='ocr_carea' id='block_1_7' title="bbox 512 4324 1750 4396">
    <p class='ocr_par' dir='ltr' id='par_1_17' title="bbox 512 4324 1750 4396">
     <span class='ocr_line' id='line_1_37' title="bbox 512 4324 1750 4396; baseline -0.003 -13"><span class='ocrx_word' id='word_1_252' title='bbox 512 4324 859 4396; x_wconf 81' lang='lat' dir='ltr'>Mythologie</span> <span class='ocrx_word' id='word_1_253' title='bbox 896 4342 948 4381; x_wconf 87' lang='lat' dir='ltr'>v.</span> <span class='ocrx_word' id='word_1_254' title='bbox 987 4324 1055 4379; x_wconf 91' lang='lat' dir='ltr'>K.</span> <span class='ocrx_word' id='word_1_255' title='bbox 1097 4324 1162 4381; x_wconf 93' lang='grc' dir='ltr'>Ο.</span> <span class='ocrx_word' id='word_1_256' title='bbox 1198 4324 1416 4393; x_wconf 76' lang='lat' dir='ltr'>Milller,</span> <span class='ocrx_word' id='word_1_257' title='bbox 1455 4339 1588 4394; x_wconf 82' lang='lat' dir='ltr'>pag.</span> <span class='ocrx_word' id='word_1_258' title='bbox 1630 4324 1750 4379; x_wconf 86' lang='lat'>115.</span> 
     </span>
    </p>
   </div>
   <div class='ocr_carea' id='block_1_8' title="bbox 3246 3832 3252 4979">
    <p class='ocr_par' dir='ltr' id='par_1_18' title="bbox 3246 3832 3252 4979">
     <span class='ocr_line' id='line_1_38' title="bbox 3246 3832 3252 4979; baseline 0 0"><span class='ocrx_word' id='word_1_259' title='bbox 3246 3832 3252 4979; x_wconf 95' lang='lat' dir='ltr'> </span> 
     </span>
    </p>
   </div>
  </div>
 </body>
</html>
