3259 5042
1525 333 1936 400 ...48-

624 501 800 571 latur
824 505 922 592 12).
1009 506 1281 576 Phrixus¹
1318 507 1464 576 dum
1519 509 1806 577 manibus
1845 510 2154 594 porrectis
2193 510 2411 594 lapsae
2455 509 2656 578 sorori
2696 525 2834 576 suc-

627 631 884 680 currere
924 615 1078 697 vult‚
1144 623 1211 683 et
1251 618 1388 700 ipse
1445 636 1648 700 paene
1704 618 1913 700 periit.
2001 620 2200 696 Quam
2244 637 2385 685 cum
2426 617 2724 700 Neptuno
2765 635 2834 683 se

624 718 900 787 iunxisse
941 722 1289 804 ignoraret,
1326 724 1509 789 valde
1550 724 1685 790 eius
1726 731 1993 791 mortem
2040 726 2327 791 maeruit.
2413 725 2628 807 Ipsum
2670 724 2834 789 aries

624 825 997 996 ingolumem
1081 830 1146 894 in
1224 830 1521 897 Colchida
1586 831 1855 914 pertulit
1934 839 2000 897 et
2075 832 2312 897 vellere
2389 829 2475 897 ibi
2550 831 2835 896 detracto

625 931 682 996 si
726 951 799 999 us
840 933 931 1001 fit.

797 1098 970 1174 Quae
1008 1098 1063 1162 si
1092 1116 1233 1163 cum
1255 1099 1516 1164 Graecis
1538 1097 2002 1178 contulerimus,
2045 1099 2332 1164 Ovidium
2356 1102 2616 1180 praeter
2636 1113 2837 1179 pauca

627 1200 907 1267 admixta
949 1203 1049 1269 vel
1096 1210 1340 1270 mutata
1382 1204 1648 1269 eandem
1690 1205 1825 1269 fere
1868 1224 2056 1287 quam
2079 1205 2519 1286 Apollodorum
2560 1202 2838 1268 fabulam

628 1307 884 1373 tradere
925 1309 1331 1375 inveniemus,
1420 1311 1541 1391 Qui
1583 1311 1657 1391 si,
1706 1311 1801 1376 uti
1841 1311 2199 1392 suspicatus
2242 1328 2400 1389 sum,
2445 1327 2670 1374 revera
2711 1309 2837 1373 Eu-

625 1414 844 1495 ripidis
885 1414 1099 1480 Phrixi
1141 1415 1196 1498 β’
1245 1423 1688 1498 argumentum
1733 1416 1967 1497 refert,
2031 1416 2369 1483 coniecerit
2426 1415 2651 1497 aliquis
2693 1414 2836 1480 Ovi-

626 1518 794 1584 dium
840 1539 917 1587 ex
959 1520 1258 1603 Euripide
1315 1522 1616 1587 hausisse.
1704 1522 1846 1597 Sed¹
1883 1522 2053 1587 haud
2108 1521 2236 1587 scio
2296 1540 2377 1586 an
2432 1520 2550 1586 hoc
2610 1519 2839 1584 falsum

626 1626 728 1692 sit.
813 1626 976 1691 Nam
1041 1633 1109 1693 et
1169 1627 1627 1694 Eratosthenes
1690 1647 1834 1694 cum
1893 1627 2268 1709 Apollodoro
2332 1625 2649 1708 congruit,
2719 1623 2840 1689 nisi

627 1731 792 1813 quod
836 1738 903 1797 et
946 1731 1165 1797 Helles
1208 1751 1351 1799 cum
1392 1733 1689 1814 Neptuno
1744 1722 2210 1800 matrimonium
2255 1738 2321 1797 et
2363 1722 2630 1798 arietem
2670 1731 2840 1826 inter

626 1845 803 1904 astra
847 1838 1220 1906 collocatum
1262 1839 1522 1905 addidit.
1609 1840 1788 1919 Quod
1829 1848 2168 1922 utrumque
2192 1858 2333 1905 cum
2362 1838 2529 1920 apud
2547 1837 2840 1902 Ovidium

628 1964 874 2029 quoque
918 1948 1185 2030 legatur,
1245 1948 1396 2013 mihi
1437 1948 1761 2031 probabile
1804 1949 2057 2014 videtur
2109 1946 2594 2013 Eratosthenem
2635 1944 2843 2011 Ovidii

576 2105 583 2113 .
626 2051 863 2118 fontem
905 2053 1115 2121 fuisse.
1202 2054 1622 2120 Confirmatur
1665 2056 1821 2121 haec
1862 2055 2067 2137 opinio
2111 2074 2203 2134 eo,
2277 2052 2442 2136 quod
2483 2059 2752 2135 uterque
2800 2072 2840 2117 a

628 2175 711 2223 se
729 2176 871 2223 rva
911 2158 1122 2225 Inonis
1176 2159 1464 2225 fraudem
1505 2160 1892 2242 patefactam
1935 2179 2075 2225 esse
2117 2160 2207 2225 ait
2230 2160 2330 2244 l³).
2365 2234 2370 2245 .

792 2319 1036 2386 Marti
1059 2321 1320 2407 alis14)
1366 2321 1570 2387 Ovidii
1612 2328 1862 2404 spectat
1904 2321 2180 2388 fabulam
2225 2291 2592 2401 Phrixeam:

794 2483 1110 2563 Phrixum,
1157 2483 1555 2551 Athamantis
1598 2486 1793 2552 Aeolo
1836 2485 2033 2571 geniti
2074 2485 2300 2565 filium,
2348 2483 2713 2551 Thebanum
2737 2482 2836 2564 1⁵),

743 2867 828 2935 12)
870 2867 1021 2924 trist.
1058 2870 1104 2939 1,
1144 2872 1228 2940 10,
1270 2870 1366 2925 15:

874 2979 1015 3031 quae
1053 2965 1215 3021 simul
1251 2965 1478 3021 Aeoliae
1514 2983 1667 3021 mare
1703 2981 1789 3020 me
1828 2965 2058 3021 deduxit
2094 2965 2151 3020 in
2188 2964 2394 3020 HelleS.

879 3078 1009 3133 fast.
1049 3079 1143 3149 IV,
1183 3080 1316 3135 278:

963 3174 1240 3244 longaque
1275 3174 1547 3231 Phrixeae
1585 3181 1791 3246 stagna
1830 3175 2031 3231 sororis
2070 3176 2205 3230 adit.

875 3302 958 3355 ep.
997 3286 1111 3341 her.
1148 3286 1328 3355 XVII,
1372 3286 1504 3342 139:

877 3380 978 3434 hoc
1014 3396 1182 3449 mare,
1224 3397 1344 3435 cum
1382 3381 1614 3450 primum
1655 3382 1724 3435 de
1761 3381 1978 3450 virgine
2016 3379 2236 3435 nomina
2272 3396 2470 3443 mersa,
2570 3373 2576 3380 ’

912 3470 927 3487 ’
965 3489 1107 3542 quae
1142 3480 1318 3543 tenet,
1355 3480 1442 3530 est
1481 3482 1760 3544 nanctum,
1799 3476 1916 3530 tale
1953 3475 2124 3533 fuisse
2161 3480 2313 3546 puto,

877 3576 936 3623 et
974 3568 1114 3624 satis
1151 3552 1354 3625 amissa
1390 3571 1542 3625 locus
1579 3570 1669 3625 hic
1705 3569 1931 3625 infamis
1969 3569 2039 3625 ab
2077 3569 2240 3625 Helle
2278 3574 2380 3636 est,

962 3670 1135 3733 utque
1173 3664 1305 3719 mihi
1341 3670 1554 3733 parcat,
1593 3664 1810 3720 nomine
1850 3665 2055 3719 crimen
2092 3664 2276 3719 habet.

775 3778 867 3849 13)
907 3778 1034 3835 vide
1071 3795 1203 3851 pag.
1241 3776 1337 3847 27'3
1377 3779 1446 3833 cf.
1486 3778 1768 3833 Plutarch.
1809 3777 2025 3833 Camill.
2065 3777 2131 3832 V.

776 3905 868 3974 14)
904 3907 979 3962 M.
1016 3906 1143 3962 Val.
1181 3903 1462 3961 Martialis
1518 3905 1961 3974 epigrammaton
1998 3903 2155 3970 libri,
2222 3904 2306 3958 ed.
2343 3904 2401 3957 F.
2441 3904 2507 3958 G.
2546 3902 2839 3958 Schneide-

634 4001 763 4071 win,
799 4000 1023 4070 Lipsiae
1063 4002 1219 4057 1853.

783 4132 871 4199 15)
910 4132 1068 4201 VIII,
1106 4133 1193 4201 51,
1231 4133 1293 4188 9:
1332 4136 1450 4186 stat
1488 4146 1656 4200 caper
1694 4130 1884 4186 Aeolio
1922 4130 2171 4185 Thebani
2209 4129 2413 4185 vellere
2448 4129 2643 4184 Phrixi

1491 4227 1705 4280 cultus:
1746 4225 1815 4280 ab
1853 4225 1953 4279 hoc
1989 4225 2182 4279 mallet
2218 4228 2381 4280 vecta
2414 4223 2587 4279 fuisse
2625 4237 2791 4278 soror.

625 4322 770 4380 conf.
812 4321 964 4391 XIV,
1001 4322 1136 4391 2113
1174 4318 1273 4391 VI,
1313 4322 1365 4390 3,
1402 4322 1452 4376 6.
