3259 5042
36 4282 77 4715 Iifflifflaeg'ffffii‘d'sst-WJ‘C
46 4268 49 4277 e
38 4230 55 4241 „l
52 4134 55 4139 .

1318 1201 1604 1280 Pars
1656 1201 2137 1282 secunda.

1679 1418 1789 1492 De

1276 1674 1279 1677 ,
1319 1606 1650 1688 fabula.
1713 1604 2138 1688 Phrixea.

1599 1820 1750 1903 Cap.
1811 1821 1860 1887 Ι.

1649 2001 1701 2083 ξ.
1751 2005 1806 2066 1.

786 2144 1223 2225 Epicorum
1266 2143 1561 2225 princeps
1605 2143 2008 2223 Homerus,
2052 2149 2127 2210 ut
2165 2144 2533 2210 omittamus
2560 2145 2837 2225 Inonem,

622 2249 842 2315 Cadmi
882 2249 1094 2330 filiam,
1137 2249 1255 2315 sub
1297 2249 1546 2315 nomine
1590 2250 1992 2316 Leucotheae
2034 2249 2101 2315 in
2136 2268 2398 2316 numero
2438 2249 2703 2316 dearum
2744 2269 2846 2317 re·

619 2356 889 2438 positam
914 2355 992 2439 1),
1049 2354 1300 2421 fabulae
1342 2355 1653 2421 Phrixeae
1712 2374 2018 2438 nusquam
2076 2356 2460 2421 mentionem
2515 2355 2671 2422 facit
2710 2358 2843 2424 sive

625 2462 910 2529 consulto
950 2463 1084 2527 sive
1127 2462 1478 2542 inscientia,
1521 2480 1561 2527 a
1604 2479 1730 2544 qua
1770 2482 1892 2529 non
1936 2461 2238 2529 abhorret
2278 2463 2343 2528 in
2373 2463 2570 2528 Iliade
2611 2462 2843 2545 decies,

619 2568 818 2635 semel
869 2569 935 2633 in
987 2569 1271 2651 Odyssea
1309 2569 1793 2651 Hellespontum
1847 2570 1975 2651 legi
1991 2620 2007 2649 ,
2077 2569 2244 2652 quod
2301 2588 2529 2635 nomen
2584 2571 2722 2652 ipse
2764 2571 2845 2637 ab

618 2675 904 2757 Achaeis,
948 2676 1014 2741 hi
1056 2694 1096 2741 a
1139 2675 1371 2758 Minyis
1412 2683 1812 2757 acceperunt.

780 2781 1004 2864 Neque
1049 2782 1113 2846 in
1153 2780 1487 2846 Hesiodi
1528 2778 1867 2863 theogonia
1893 2781 2079 2862 plura
2107 2798 2297 2864 quam
2324 2781 2585 2848 Inonem
2607 2781 2841 2848 Cadmo

620 2892 688 2953 et
728 2886 1074 2952 Harmonia
1125 2886 1356 2952 Thebis
1411 2893 1630 2953 natam
1686 2905 1826 2953 esse
1884 2887 2292 2953 inveniuntur
2314 2889 2386 2971 2).
2492 2887 2619 2952 Sed
2678 2887 2838 2955 hanc

619 3000 969 3060 extremam
1011 3000 1262 3075 partem
1322 2994 1613 3059 carminis
1666 3013 1706 3060 a
1759 3013 1949 3060 versu
1993 2997 2114 3059 963
2171 2993 2674 3076 proficiscentem
2709 2993 2840 3060 iam

617 3099 720 3166 Fr.
767 3100 843 3167 A.
887 3099 1150 3166 Wolfius
1172 3103 1232 3181 ³)
1277 3108 1344 3167 et
1397 3100 1544 3165 Chr.
1605 3102 1682 3168 G.
1727 3102 2026 3184 Heyneus
2047 3103 2101 3183 ⁴)
2155 3099 2658 3167 additamentum
2701 3118 2842 3167 esse

618 3206 938 3273 duxerunt
953 3257 968 3286 ,
1041 3206 1206 3289 quod
1248 3206 1829 3273 Marckscheffelius
1852 3209 1902 3286 ⁵)
1944 3207 2279 3289 posteriori
2323 3206 2569 3273 cuidam
2613 3213 2842 3289 poetae

615 3312 834 3379 deberi
882 3314 1229 3380 existimat.
2601 3374 2606 3377 Α

783 3420 1060 3487 Hesiodo
1131 3421 1323 3486 etiam
1386 3418 1881 3504 Κατάλογον
1943 3430 2362 3502 γυναικῶν
2431 3425 2691 3486 veteres
2758 3418 2842 3485 ad

617 3546 810 3593 unum
855 3533 1048 3609 atque
1092 3529 1147 3593 E
1162 3547 1199 3593 ο
1216 3546 1347 3594 eas
1401 3534 1663 3610 praeter
1704 3528 2082 3594 Pausaniam
2126 3546 2343 3597 omnes
2390 3527 2838 3609 ascripserunt.

764 3721 815 3786 1)
854 3718 956 3774 Od.
994 3720 1063 3787 V,
1102 3720 1210 3775 333
1247 3736 1382 3790 sqq„
1419 3719 1542 3776 461.

757 3815 814 3881 2)
854 3813 1085 3870 Hesiodi
1121 3813 1368 3869 carmina
1404 3830 1518 3871 rec.
1558 3815 1736 3871 Oarol.
1777 3815 2087 3887 Goettling.
2127 3816 2213 3871 ed.
2251 3815 2362 3882 III,
2413 3829 2580 3883 quam
2617 3812 2843 3871 curavit

615 3907 861 3965 Joannes
897 3907 1086 3978 Flach,
1126 3906 1352 3978 Lipsiae
1384 3909 1548 3977 1878;
1587 3926 1641 3966 v.
1679 3909 1787 3964 975
1823 3925 1938 3978 sqq,

763 4003 823 4070 3)
861 4002 1187 4073 Theogonis
1223 4003 1522 4060 Hesiodea.
1597 4003 1826 4061 Observ.
1863 4021 1996 4075 pag.
2036 4003 2156 4059 140.

762 4095 820 4167 4)
854 4097 1110 4167 Epistola
1147 4098 1370 4167 Heynii.
1442 4098 1659 4156 Ibidem
1695 4115 1827 4169 pag.
1869 4099 1989 4155 158.

761 4194 817 4260 5)
850 4191 1078 4248 Hesiodi
1096 4235 1109 4262 ,
1170 4193 1418 4263 Eumeli‚
1481 4192 1872 4262 Cinaethonis,
1934 4193 2057 4250 Asii
2112 4199 2171 4249 et
2228 4192 2486 4249 carminis
2540 4190 2845 4262 Naupactii

621 4287 947 4357 fragmenta
987 4285 1110 4343 coll.
1149 4286 1296 4345 Guil.
1335 4287 1776 4358 Marckscheffel,
1832 4287 2058 4358 Lipsiae
2097 4287 2254 4345 1840.
2312 4276 2533 4343 Comm.
2571 4303 2702 4359 pag.
2746 4288 2849 4343 120

614 4398 713 4459 sq„
759 4381 880 4440 109,
1480 4421 1491 4429 .
1514 4422 1519 4427 .
1707 4422 1713 4427 .
1879 4422 1884 4425 .
