3259 5042
1376 376 1788 440 ...15-.

637 557 821 624 Hanc
863 555 1342 638 explicationem
1386 574 1525 623 cum
1555 553 1886 638 improbet,
1935 553 2284 623 Stenderus
2309 555 2362 635 ⁰)
2406 549 2693 620 concedit

473 665 726 750 quidem
768 667 1046 729 Aeaeam
1089 669 1156 730 et
1203 665 1399 729 Aeam
1446 663 1667 729 eadem
1714 664 1965 730 nomina
2006 683 2147 729 esse
2165 715 2181 742 ,
2247 663 2365 728 sed
2406 662 2692 728 diversas

474 779 683 839 terras
725 770 1082 852 significare
1126 769 1453 836 contendit
1494 770 1788 836 inductus
1830 770 1935 851 iis,
2005 790 2167 852 quae
2206 768 2519 835 Hesiodus
2561 773 2692 833 tra-

475 878 705 945 didisse
749 877 958 945 fertur
982 877 1063 960 1⁰)
1081 903 1111 958 ,·
1161 876 1542 942 insidentem
1598 879 1811 944 currui
1854 878 2013 944 Solis
2056 877 2279 942 Circen
2318 876 2383 940 in
2422 874 2691 940 insulam

472 985 861 1069 Tyrrheniae
904 985 1316 1068 propinquam
1358 986 1741 1066 pervenisse.

638 1091 863 1157 Circen
907 1090 1088 1156 initio
1129 1089 1194 1155 in
1234 1091 1439 1171 patris
1474 1089 1739 1156 aedibus
1782 1089 2108 1156 habitasse
2151 1089 2345 1154 etiam
2387 1085 2694 1169 probatur

471 1216 692 1280 campo
751 1197 1042 1276 Circaeo,
1073 1204 1085 1217 ²
1120 1196 1296 1262 cuius
1356 1196 1421 1261 in
1479 1196 1849 1262 Colchorum
1915 1201 2092 1261 terra
2147 1194 2255 1260 siti
2310 1192 2692 1259 mentionem

399 1382 403 1391 ὁ
471 1302 623 1369 fecit
664 1302 1032 1384 Apollonius
1073 1300 1351 1367 Rhodius
1375 1301 1455 1383 11)
1502 1306 1568 1366 et
1609 1301 1907 1366 Timaeus
1929 1300 2030 1384 ²2).

640 1406 764 1474 Sed
803 1408 943 1490 quis
986 1413 1104 1488 est,
1149 1408 1253 1489 qui
1298 1426 1421 1473 non
1461 1408 1777 1489 intelligat
1816 1406 1979 1472 hanc
2041 1406 2339 1486 fabulam,
2395 1424 2518 1488 qua
2560 1404 2694 1470 Cir·

478 1532 591 1579 cen
632 1532 754 1579 non
796 1514 994 1579 solam
1035 1513 1399 1594 emigrasse,
1445 1513 1557 1578 sed
1588 1512 1882 1579 cochleae
1909 1513 2114 1579 instar
2149 1518 2397 1595 partem
2421 1513 2693 1577 alteram

475 1618 724 1700 pristini
785 1618 1079 1685 domicilii
1145 1638 1361 1685 secum
1431 1619 1787 1698 abstulisse,
1861 1620 2130 1685 alteram
2192 1620 2434 1684 Aeetae
2506 1616 2693 1682 fratri

471 1725 851 1806 permisisse,
895 1731 971 1791 ut
1009 1725 1362 1806 credamus,
1410 1726 1708 1807 cogimur,
1752 1727 2079 1791 inventam
2124 1742 2262 1791 esse
2296 1724 2377 1789 ab
2400 1722 2693 1804 Hesiodo,

471 1836 544 1896 ut
585 1849 748 1914 quae
789 1831 961 1897 inter
1002 1831 1349 1914 Odysseam
1393 1835 1461 1897 et
1488 1832 1993 1914 Argonautarum
2036 1831 2317 1897 carmina
2358 1831 2693 1909 intererat,

475 1937 823 2020 explicaret
864 1937 1372 2019 discrepantiam.

634 2043 798 2108 Nam
843 2044 1009 2125 apud
1056 2045 1400 2110 Homerum
1442 2062 1690 2127 quoque
1733 2043 1969 2110 Aeetes
2014 2049 2081 2109 et
2123 2043 2306 2110 Circe
2348 2048 2478 2108 tam
2517 2047 2695 2107 arcte

470 2150 786 2216 coniuncti
827 2155 1008 2232 sunt,
1081 2156 1153 2216 ut
1195 2157 1371 2217 recte
1415 2153 1486 2216 O.
1534 2151 1881 2217 Muellerus
1903 2153 1982 2228 1³)
2026 2149 2367 2217 coniecerit
2402 2149 2468 2213 in
2498 2147 2698 2230 Odys-

470 2274 582 2321 sea
624 2273 734 2321 eos
789 2258 988 2322 Aeam
1048 2258 1320 2323 insulam
1377 2257 1772 2323 occidentem
1833 2276 2054 2323 versus
2110 2255 2299 2323 sitam
2352 2274 2480 2321 una
2523 2254 2699 2320 habi-

472 2364 687 2426 tantes
727 2359 897 2443 fingi.

636 2466 788 2532 Loci
826 2485 866 2532 a
906 2468 1216 2534 Stendero
1256 2487 1333 2534 ex
1378 2468 1577 2534 Iliade
1622 2469 1800 2535 citati
1833 2474 2100 2551 propter
2130 2473 2456 2534 auctorum
2488 2467 2695 2533 diver-

472 2573 729 2639 sitatem
769 2573 925 2640 nihil
970 2574 1425 2642 demonstrant.

643 2679 807 2745 Sane
852 2679 1085 2746 Aeetes
1130 2698 1273 2746 cum
1312 2699 1351 2745 a
1392 2687 1578 2764 patre
1620 2701 1744 2748 non
1786 2681 2329 2748 immortalitatem
2374 2700 2488 2746 nec
2530 2679 2697 2745 vires

473 2786 714 2853 divinas
757 2787 1016 2854 relictas
1056 2789 1378 2870 acceperit
1393 2841 1407 2869 ,
1473 2795 1862 2871 potestatem
1915 2788 2050 2855 fata
2101 2789 2365 2856 heroum
2407 2787 2694 2854 Homeri·

472 2910 689 2959 corum
732 2892 1101 2959 moderandi
1142 2913 1265 2959 non
1306 2894 1530 2975 habet3
1597 2914 1793 2977 quare
1837 2894 2053 2960 fabula
2094 2894 2174 2961 ab
2215 2896 2491 2960 Homero
2533 2913 2695 2959 com-

472 3003 721 3064 mutata
742 3000 1207 3080 Argonauticon
1232 3006 1478 3082 poetae,
1523 3002 1901 3083 praesertim
1924 3021 2084 3083 cum,
2128 3020 2252 3084 quo
2275 3001 2454 3067 Circe
2475 3000 2697 3066 functa

475 3110 635 3186 erat,
681 3107 962 3172 muneris
1000 3113 1220 3190 partes
1262 3108 1493 3173 Medea
1509 3160 1525 3190 ,
1590 3107 2032 3175 veneficiorum
2062 3128 2200 3175 ‚non
2242 3108 2448 3173 minus
2485 3107 2697 3190 perita

474 3212 716 3278 Aeetae
756 3211 903 3294 filia,
948 3214 1199 3280 omnino
1241 3214 1544 3296 expleret,
1590 3222 1664 3281 ut
1707 3220 1775 3282 et
1816 3214 1937 3298 ipsi
1982 3217 2144 3281 viam
2184 3220 2526 3297 mutarent,
2570 3234 2695 3281 non

472 3321 624 3383 sunt
665 3316 943 3384 adducti.

622 3546 678 3616 9)
715 3547 800 3602 De
837 3547 974 3618 Arg.
1017 3564 1138 3619 exp.
1176 3548 1290 3605 fab.
1328 3549 1459 3605 hist.
1498 3550 1622 3606 crit.
1660 3568 1793 3622 pag.
1828 3551 1915 3607 21.

624 3640 714 3708 10)
750 3642 916 3697 schol.
968 3643 1150 3712 Apoll.
1206 3644 1384 3701 Rhod.
1423 3645 1532 3707 ΙΙΙ.
1566 3646 1691 3702 311.
1766 3646 2015 3703 Eandem
2050 3647 2296 3703 fabulam
2334 3651 2530 3702 narrat
2567 3644 2695 3700 Dio-

479 3734 643 3790 dorus
682 3734 846 3792 Sicul.
885 3737 986 3804 IV,
1023 3737 1094 3792 45
1133 3745 1193 3794 et
1229 3740 1409 3809 Apoll.
1445 3741 1621 3796 Rhod.
1661 3741 1769 3810 III,
1807 3742 1962 3796 310-
1987 3742 2121 3810 3133
2176 3740 2244 3799 cf.
2282 3741 2470 3798 Valer.
2509 3740 2694 3795 Flacc.

473 3830 604 3897 VII,
643 3830 946 3888 217-234.

626 3925 714 3992 11)
754 3926 1140 3998 Argonautica
1191 3929 1277 3984 ed.
1332 3929 1397 3984 R.
1447 3930 1691 4000 Merkel,
1751 3931 1995 4002 Lipsiae,
2057 3930 2222 3987 1854:
2282 3930 2362 3996 ΙΙ,
2411 3930 2549 4001 4ΟΟ;
2587 3932 2694 4001 III,

473 4023 596 4080 200.

626 4123 716 4195 12)
755 4125 919 4180 schol.
959 4125 1138 4196 Apoll.
1176 4125 1352 4182 Rhod.
1390 4127 1468 4195 Π,
1506 4125 1614 4182 400
1650 4127 1736 4198 (fr.
1779 4129 1855 4194 9).

622 4220 713 4288 13)
752 4219 913 4277 Orch.
950 4237 1081 4293 pag.
1120 4222 1246 4278 270.
