3259 5042
1457 368 1829 434 -3‘-

689 549 1002 633 Harpyias
1044 551 1098 615 is
1139 550 1439 615 hetaeras
1481 544 1707 614 Phinei
1763 565 1900 614 rem
1943 547 2326 615 familiarem
2368 546 2750 616 devorantes

527 642 816 740 intellegi
857 658 1056 725 voluit
1082 660 1179 739 n).

696 763 950 831 Tauros
1006 782 1157 829 vero
1217 762 1536 829 Colchicos
1593 767 1857 844 propter
1911 762 2282 828 aviditatem
2300 812 2316 842 ,
2384 779 2541 844 quos
2606 780 2750 831 con-

526 870 882 953 spexissent
921 868 1262 948 lacerandi,
1303 869 1516 950 ignem
1560 873 1927 934 evomentes
1966 867 2117 950 fingi
2160 867 2592 936 arbitrabatur
2615 868 2711 949 1θ’).

695 976 1163 1058 Ineptissimum
1198 976 1474 1040 omnium
1520 981 1640 1054 est,
1682 974 1848 1057 quod
1891 977 2352 1057 Anonymus
2395 979 2555 1057 περὶ
2584 970 2750 1039 ‹im-

525 1091 702 1149 στῶν
727 1083 829 1166 1⁵),
874 1101 1139 1173 quocum
1180 1081 1477 1148 Suidas
1500 1084 1578 1164 ¹⁶)
1619 1081 1701 1146 ad
1742 1080 2006 1148 verbum
2048 1082 2380 1162 consentit,
2440 1087 2508 1147 et
2558 1080 2750 1146 Cha-

522 1208 665 1255 rax
686 1192 767 1271 1'¹)
807 1188 1047 1255 vellere
1091 1207 1285 1254 aureo
1317 1196 1524 1254 artem
1553 1189 1698 1255 auri,
1724 1187 2001 1254 chemice
2030 1187 2346 1254 efficiendi
2366 1186 2751 1253 membranis

524 1294 892 1378 inscriptam
942 1294 1281 1376 significari
1323 1301 1726 1360 censuerunt.

685 1400 1157 1469 Consideratius
1200 1401 1244 1467 S
1263 1407 1340 1466 tr
1355 1400 1497 1466 abo
1540 1407 1607 1466 et
1653 1399 1952 1466 Phrixum
2013 1405 2082 1466 et
2121 1401 2164 1465 J
2164 1418 2420 1467 asonem
2460 1398 2746 1465 metallo-

518 1526 661 1574 rum
705 1526 915 1588 causa,
961 1507 1184 1591 quibus
1208 1507 1498 1572 Colchica
1528 1513 1705 1573 terra
1735 1506 2106 1588 abundaret,
2153 1526 2231 1574 eo
2256 1507 2574 1588 profectos
2603 1525 2744 1572 esse

515 1612 819 1680 iudicavit
840 1614 939 1697 18).
1030 1613 1334 1678 Fabulam
1391 1620 1608 1679 autem
1666 1613 1844 1680 aurei
1897 1613 2153 1679 velleris
2204 1612 2349 1678 inde
2407 1612 2744 1693 exstitisse,

515 1717 683 1802 quod
726 1732 953 1785 aurum
995 1719 1385 1786 torrentibus
1426 1718 1709 1786 delatum
1753 1738 1790 1784 a
1811 1719 2118 1786 Soanibus
2135 1721 2234 1801 1⁹),
2279 1724 2472 1799 gente
2498 1717 2760 1793 Colchis,

518 1826 742 1908 vicina,
788 1825 1129 1893 velleribus
1171 1826 1404 1892 lanosis
1448 1828 1848 1911 exciperetur
1869 1828 1972 1909 2⁰).

682 1933 969 1999 Eandem
1010 1931 1268 1998 velleris
1307 1933 1485 1998 aurei
1540 1932 2019 2014 explicationem
2075 1932 2406 2015 amplexus
2460 1937 2561 1999 est
2604 1933 2657 1997 A
2672 1950 2742 2014 p-

509 2040 691 2122 pian
706 2058 751 2105 u
769 2059 802 2105 s
826 2037 929 2123 21).

678 2145 965 2227 Denique
1013 2145 1061 2210 C
1080 2145 1195 2211 lid
1216 2164 1252 2210 e
1271 2165 1330 2210 m
1351 2164 1435 2210 us
1473 2147 1516 2211 J
1517 2164 1793 2227 asonem,
1839 2153 1913 2212 ut
1954 2145 2310 2228 praedones
2336 2146 2499 2212 mari
2529 2149 2741 2212 extur-

508 2251 715 2333 baret,
759 2251 985 2318 exiisse
1026 2253 1120 2317 ait
1140 2250 1242 2336 22).

676 2357 1131 2441 Symplegades
1184 2358 1238 2422 E
1258 2357 1744 2424 ratosthene
1763 2374 1795 2424 s
1849 2359 1915 2423 in
1973 2358 2166 2425 tertio
2222 2357 2382 2424 libro
2427 2363 2731 2445 Γεωγρα-

508 2475 722 2552 φικῶν
761 2466 909 2532 inde
951 2482 1176 2533 nomen
1215 2467 1470 2533 duxisse
1514 2467 1858 2545 contendit,
1897 2468 2064 2550 quod
2106 2486 2146 2534 a
2186 2468 2397 2536 fronte
2433 2468 2732 2550 navigan-

505 2571 677 2638 tibus
717 2558 1064 2653 discedere,
1108 2591 1148 2637 a
1191 2572 1394 2638 latere
1436 2580 1654 2639 autem
1699 2593 2075 2640 concurrere
2120 2574 2492 2642 viderentur
2514 2577 2617 2658 ²³).

665 2678 982 2744 Plinius
1025 2698 1065 2744 a
1107 2679 1335 2744 Medea
1376 2679 1666 2761 pellicem
1721 2681 1813 2746 ita
1853 2687 2207 2748 crematam
2250 2701 2391 2747 esse
2436 2683 2727 2764 explicat,

506 2788 581 2850 ut
621 2802 915 2850 coronam
957 2785 1197 2866 naphta
1235 2780 1559 2866 imbutam,
1605 2792 1938 2868 postquam
1981 2785 2413 2853 sacrificatura
2456 2785 2537 2852 ad
2578 2805 2728 2852 aras
2770 2866 2778 2873 ,

501 2890 892 2971 accessisset,
938 2890 1100 2973 ignis
1144 2892 1494 2973 corriperet
1517 2893 1616 2975 2⁴).

647 3125 742 3186 13)
779 3123 999 3180 Heraci.
1039 3141 1158 3195 cap.
1196 3126 1352 3180 VIII.
1392 3127 1688 3183 Westerm.
1727 3135 1986 3204 Μυθογρ.
2024 3144 2079 3197 p.
2118 3129 2225 3184 313
2261 3144 2376 3198 sqq.

649 3218 736 3289 14)
772 3220 998 3276 Heracl.
1037 3238 1157 3290 cap.
1195 3222 1377 3276 XVII.
1419 3223 1713 3278 Westerm.
1757 3230 2011 3299 Μυθογρ.
2051 3241 2104 3294 p.
2143 3225 2252 3279 313
2292 3240 2412 3293 sqq.

644 3315 735 3386 15)
772 3319 1039 3386 Anonym.
1076 3334 1197 3388 cap.
1235 3318 1341 3373 ΙΙΙ.
1380 3319 1680 3390 Westerm.
1728 3326 1986 3397 Μυθογρ.
2025 3337 2079 3390 p.
2115 3322 2239 3379 321.

526 3430 531 3435 ’
640 3409 732 3478 16)
771 3426 813 3465 s.
855 3427 907 3465 v.
950 3411 1115 3486 δέρας
1147 3411 1557 3487 χρυσόμαλλον.

645 3505 736 3573 17)
773 3505 1108 3561 Eustathius
1147 3507 1217 3562 ad
1254 3506 1484 3578 Dionys.
1521 3507 1739 3578 Perieg.
1778 3526 1831 3565 v.
1869 3509 1994 3566 689.

638 3599 731 3669 18)
769 3600 1057 3656 Strabonis
1094 3601 1482 3672 Geographica
1515 3604 1843 3660 curantibus
1880 3604 1938 3660 C.
1960 3605 2225 3662 Mueller-o
2265 3611 2325 3662 et
2350 3605 2414 3664 Ρ.
2439 3606 2714 3676 Dubnero,

491 3692 726 3753 Parisiis
766 3695 923 3751 1853.
998 3696 1119 3751 Lib.
1155 3696 1187 3751 I
1224 3712 1343 3766 cap.
1385 3697 1420 3751 2
1457 3696 1509 3768 S.
1546 3698 1640 3753 39.

632 3786 729 3858 19)
765 3789 1101 3846 Eustathius
1139 3790 1212 3847 ad
1248 3790 1472 3861 Dionys.
1511 3793 1732 3865 Perieg.
1771 3811 1826 3852 v.
1861 3793 1970 3851 689
2022 3811 2116 3852 eos
2152 3795 2409 3853 Thoans·
2444 3795 2712 3866 appellat.

631 3883 724 3954 20)
761 3884 947 3943 Strab.
986 3886 1174 3957 x1,2,
1214 3888 1301 3943 19.

628 3980 720 4048 21)
760 3980 826 4037 Β.
843 3981 1036 4038 Mithr.
1061 3981 1193 4051 1033
1232 3983 1373 4038 conf.
1395 3981 1540 4042 Plin.
1560 3983 1694 4041 hist.
1714 3989 1832 4042 nat.
1853 3985 2089 4055 XXXII,
2110 3986 2180 4042 52
2202 3988 2345 4058 (cap.
2370 3986 2422 4053 3,
2448 3991 2582 4043 sect.
2605 3985 2713 4056 15).

623 4073 717 4146 22)
757 4075 1044 4133 Plutarch.
1081 4076 1243 4133 Thes.
1283 4080 1402 4147 cap.
1441 4080 1618 4148 XIX).

620 4170 712 4234 23)
752 4171 916 4226 schol.
957 4172 1091 4229 Eur.
1127 4172 1272 4229 Med.
1318 4176 1369 4229 2.

618 4263 712 4333 24)
745 4264 874 4322 hist.
916 4274 1036 4324 nat.
1071 4268 1153 4338 ΙΙ,
1189 4268 1297 4325 235
1335 4271 1405 4344 (c.
1451 4269 1568 4342 105,
1611 4271 1757 4344 109).
