3259 5042
1413 329 1833 396 ...14....

514 518 837 579 auctorem
893 511 1107 578 Iliadis
1171 531 1207 577 e
1269 510 1649 604 carminibus
1709 509 2218 593 Argonautarum
2279 508 2362 576 ad
2424 507 2735 578 orientem

514 639 736 685 versus
778 619 1206 700 navigantium
1250 618 1536 684 hausisse
1579 637 1815 701 neque,
1874 622 2112 700 quanta
2139 616 2280 682 -fide
2325 625 2496 698 erat,
2555 617 2735 699 quid-

513 744 704 808 quam
748 726 1092 791 mutavisse
1135 729 1420 806 apparet.

679 831 888 897 Aliter
944 849 1050 896 res
1115 848 1186 896 se
1229 829 1424 896 habet
1482 832 1547 895 in
1604 831 1932 913 Odyssea,-
1979 823 2155 896 cuius
2215 828 2407 896 libros
2447 828 2734 910 X—XII,

517 956 659 1004 cum
704 937 790 1003 ibi
852 937 1146 1004 Artaciae
1199 935 1390 1003 fontis
1445 937 1511 1001 in
1569 936 1776 1019 Cyzici
1831 936 2005 1003 urbis
2057 936 2285 1002 finibus
2336 937 2445 1002 siti
2496 936 2735 1002 me‘ntio

513 1044 645 1124 fiat,
710 1048 857 1125 post
913 1043 1284 1126 Olympiada
1355 1041 1478 1109 VII
1539 1048 1725 1108 natos
1792 1061 1932 1108 esse
1996 1042 2419 1109 Kirchhoffius
2440 1042 2494 1127 1)
2557 1045 2734 1108 recte

506 1150 838 1216 conclusit.
1363 1143 1369 1147 ’

683 1256 779 1322 Ibi
822 1275 962 1322 cum
985 1255 1302 1336 PlanctaS,
1348 1272 1505 1338 quas
1533 1254 1897 1321 auctoribus
1919 1255 2150 1320 Tzetze
2173 1257 2227 1338 ²)
2259 1260 2326 1321 et
2347 1253 2666 1338 Hesychio
2679 1254 2734 1337 ³)

516 1367 584 1427 et
641 1361 950 1429 Strabone
972 1361 1026 1446 4)
1093 1361 1347 1427 easdem
1409 1380 1548 1426 esse
1609 1367 1800 1443 atque
1865 1359 2315 1443 Symplegades
2375 1379 2493 1443 pro
2558 1365 2734 1427 certo

514 1466 737 1534 haberi
778 1473 991 1549 potest
1009 1519 1023 1547 ,
1095 1473 1233 1533 tum
1272 1467 1542 1532 insulam
1585 1466 1864 1532 Aeaeam
1903 1467 1969 1531 in
2012 1467 2171 1532 mari
2211 1465 2585 1532 occidentali
2626 1485 2734 1547 po-

510 1574 676 1640 sitas
763 1592 902 1641 esse
989 1573 1158 1639 tradi
1239 1573 1309 1639 Ο.
1381 1572 1731 1638 Muellerus
1751 1574 1803 1656 ⁵)
1886 1578 2183 1639 accurate
2269 1579 2337 1638 et
2416 1571 2737 1639 subtiliter

513 1679 808 1746 ostendit.

680 1784 805 1852 Sed
846 1782 1002 1851 haec
1046 1785 1256 1850 omnia
1299 1784 1378 1850 ab
1418 1785 1554 1867 ipso
1595 1784 1873 1851 Homero
1913 1791 2135 1852 vetera
2176 1784 2625 1868 Argonautica,
2666 1782 2733 1848 in

514 1890 740 1975 quibus
783 1894 981 1957 Aeam
1026 1893 1334 1958 orientem
1378 1910 1598 1958 versus
1647 1892 1836 1957 sitam
1887 1910 2026 1958 esse
2070 1912 2147 1959 ex
2188 1891 2302 1957 Od.
2346 1891 2489 1972 XII,
2533 1893 2573 1956 3
2617 1909 2731 1973 sq„

514 2000 621 2082 qui
666 2017 885 2065 versus
926 1999 1048 2063 nisi
1087 1999 1167 2064 de
1208 1998 1568 2080 regionibus
1610 1997 2019 2065 orientalibus
2059 1999 2347 2081 intellegi
2388 2000 2732 2081 nequeunt,

515 2105 851 2171 manifesto
893 2111 1179 2188 apparet,
1229 2105 1426 2171 libere
1467 2106 1531 2170 in
1573 2123 1709 2170 rem
1774 2124 1955 2172 suam
2001 2110 2409 2171 convertente
2449 2104 2515 2170 in
2557 2122 2735 2169 mare

514 2211 903 2277 occidentale
947 2212 1261 2277 translata
1304 2229 1445 2278 esse
1487 2211 1656 2276 idem
1679 2211 1733 2296 ⁸)
1785 2201 2339 2278 iure‘Strabonem
2362 2211 2415 2294 ⁷)
2475 2214 2734 2276 secutus

517 2325 587 2383 et
623 2337 700 2383 ex
741 2318 1096 2401 Minyarum
1141 2318 1383 2383 colonia
1421 2318 1731 2383 Lemnum
1790 2316 2064 2384 deducta
2121 2323 2186 2383 et
2241 2337 2317 2384 ex
2360 2317 2597 2383 maiore
2641 2315 2733 2381 fa-

515 2423 701 2489 bulae
761 2424 1272 2503 Argonautarum
1332 2429 1655 2490 vetustate
1714 2423 1951 2505 colligit
2053 2426 2444 2505 Quamquam
2486 2422 2734 2505 Minyas

516 2531 808 2611 primum,
880 2530 1001 2596 etsi
1041 2529 1234 2595 breve
1278 2536 1560 2612 tempus,
1625 2530 2016 2597 occidentem
2074 2548 2295 2596 versus
2337 2529 2732 2612 navigavisse

518 2654 642 2701 non
682 2655 942 2717 prorsus
984 2654 1220 2718 negare
1256 2636 1468 2717 audet,
1510 2655 1655 2702 eum
1696 2635 1885 2717 dicat,
1931 2635 2117 2720 „dass
2162 2636 2264 2701 die
2288 2634 2733 2718 Pagasetische

519 2742 814 2809 Seefahrt
865 2742 906 2808 b
923 2742 1050 2808 ald
1114 2762 1233 2808 von
1275 2742 1528 2825 Anfang
1590 2761 1672 2808 an
1738 2744 1878 2808 eine
1940 2741 2363 2809 nordostliche
2417 2739 2736 2822 Richtung

523 2868 897 2932 genommen
937 2849 1139 2915 habe“
1168 2849 1239 2932 8).

667 3138 720 3204 1)
758 3136 861 3193 Die
898 3136 1234 3192 homerische
1274 3136 1517 3206 Odyssee
1567 3152 1676 3192 von
1727 3138 1791 3192 A.
1844 3136 2150 3193 Kirchhoff.
2221 3137 2435 3192 Excurs
2472 3135 2551 3192 ΙΙ.
2601 3151 2735 3206 pag.

519 3230 822 3287 287-290.
895 3232 948 3286 2.
986 3229 1242 3300 Auflage,
1280 3230 1473 3285 Berlin
1512 3230 1669 3286 1879.

663 3325 719 3392 2)
758 3326 830 3380 ad
867 3325 1139 3394 Lycophr.
1168 3342 1222 3381 v.
1260 3324 1416 3379 1285.

661 3420 718 3491 3)
757 3436 801 3478 8.
840 3437 891 3477 v.
930 3416 1358 3494 Συμπληγάδες.

661 3515 718 3586 4)
756 3515 862 3585 ΙΠ,
902 3517 953 3583 2,
993 3516 1094 3584 12;
1135 3515 1203 3571 cf.
1239 3515 1461 3572 Arrian.
1499 3515 1708 3586 Peripl.
1746 3516 1906 3570 Pont.
1944 3514 2088 3568 Eux.
2129 3513 2217 3580 25,
2256 3514 2307 3567 3.

664 3611 718 3681 5)
756 3610 915 3666 Orch.
955 3627 1087 3680 pag.
1124 3611 1233 3667 270
1269 3626 1384 3679 sqq.
1457 3611 1735 3679 Mendum‚
1773 3610 1919 3678 quod
1954 3607 2157 3664 ibidem
2193 3623 2326 3678 pag.
2345 3606 2454 3664 273
2488 3606 2733 3677 irrepsit,

520 3706 604 3762 ita
642 3706 878 3777 corrige,
916 3712 984 3761 ut
1020 3704 1260 3761 scribas:
1327 3705 1448 3771 „die
1487 3704 1890 3776 Nordgestirne
1936 3707 2080 3758 stets
2126 3700 2327 3757 links
2362 3701 2613 3758 habend“
2653 3717 2738 3758 se-

521 3802 756 3857 cundum
795 3801 895 3856 Od.
933 3800 1002 3870 V,
1040 3802 1144 3856 276
1185 3816 1291 3869 sq.:

702 3893 819 3966 Τὴν
853 3891 965 3971 γὰρ
1002 3895 1098 3967 (sc.
1132 3892 1386 3970 Ἄρκτον)
1429 3891 1497 3966 δή
1533 3914 1639 3968 μιν
1676 3891 1858 3965 ἄνωγε
1892 3889 2170 3964 Καλυψώ,
2211 3892 2310 3946 δῖα
2346 3887 2556 3956 θεάων,

696 3995 1242 4066 ποντοπορευέμεναι
1279 3987 1364 4044 ἐπ’
1405 3986 1674 4065 ἀριστερὰ
1708 3985 1900 4061 χειρὸς
1935 3993 2158 4059 ἔχοντα.

662 4086 720 4157 6)
759 4085 920 4141 Orch.
959 4102 1089 4156 pag.
1128 4085 1235 4142 273
1270 4101 1349 4153 sq.

668 4183 723 4251 7)
763 4180 873 4236 Str.
910 4180 958 4248 Ι,
996 4180 1049 4246 2,
1086 4179 1180 4248 10;
1215 4179 1306 4236 40.

660 4275 718 4346 8)
757 4274 918 4333 Oroh.
956 4291 1090 4347 pag.
1125 4273 1254 4331 274.
