3259 5042
1502 349 1909 414 ...18.-

769 525 973 591 Eoeas
1041 525 1588 608 perscrutantibus
1660 525 1837 592 nobis
1906 526 2178 609 primum
2251 524 2528 593 occurrit
2579 544 2822 593 ‘nomen

605 631 839 698 Phrixi.
926 631 1044 710 Qui
1074 651 1123 697 -a
1163 632 1400 700 Phineo
1442 633 1523 698 de
1565 633 1669 699 via
1710 633 1933 699 doctus
1956 634 2040 716 12)
2083 652 2160 698 ex
2201 634 2244 699 J
2244 633 2529 715 ophossa,
2581 633 2822 700 Aeetae

605 737 753 818 filia,
810 743 1111 820 quattuor
1153 737 1312 805 filios
1350 740 1601 820 genuit,
1644 740 1886 821 Argum
1900 791 1916 820 ,
1960 739 2270 806 Phrontin
2284 791 2300 820 ,
2342 739 2576 805 Melam
2591 792 2607 820 ,
2652 740 2823 823 cyti-

604 862 816 910 sorum
840 845 939 926 l²³).

776 951 982 1032 Argus
1055 957 1122 1018 et
1188 950 1440 1015 Admeti
1509 949 1641 1015 filia
1711 949 2024 1016 Perimele
2097 950 2463 1033 Magnetem
2531 969 2824 1033 procrea-

609 1062 840 1122 verunt
860 1060 964 1137 14).

775 1163 814 1228 J
818 1182 919 1227 am
964 1168 1100 1228 tum
1139 1162 1339 1243 igitur
1382 1160 1657 1227 Phrixus
1700 1180 1890 1228 causa
1930 1162 2199 1247 quadam
2241 1169 2497 1229 coactus
2542 1182 2577 1229 e
2616 1162 2829 1246 patria

610 1270 849 1352 fugisse
891 1273 960 1333 et
1002 1269 1159 1333 mari
1202 1274 1500 1350 superato
1558 1267 1641 1333 ad
1699 1272 1967 1335 Aeetam
2028 1270 2392 1355 pervenisse
2452 1268 2823 1349 fingebatur.

607 1375 734 1443 Sed
790 1394 931 1442 cum
985 1374 1193 1440 omnia
1248 1372 1406 1438 haec
1459 1392 1666 1457 neque
1725 1375 1805 1440 ab
1865 1377 2372 1458 Argonautarum
2433 1374 2827 1457 expeditione

608 1481 994 1549 abhorreant
1037 1487 1103 1547 et
1144 1486 1335 1562 poeta
1387 1481 1453 1546 in
1494 1480 1612 1547 hac
1656 1481 1908 1564 quidem
1926 1534 1941 1562 ,
2013 1501 2137 1548 non
2190 1489 2408 1548 autem
2447 1482 2513 1547 in
2555 1481 2828 1547 Phrixea

609 1587 824 1654 fabula
865 1586 1278 1655 describenda
1335 1606 1375 1653 a
1432 1588 1700 1653 muliere
1745 1589 2044 1671 amplexu
2100 1588 2204 1654 dei
2259 1608 2377 1655 usa
2419 1608 2455 1654 e
2499 1608 2673 1655 more
2716 1607 2829 1654 suo

605 1696 886 1779 incipere
927 1697 1229 1789 potuerit,
1303 1697 1614 1763 incertum
1661 1702 1762 1763 est
1803 1715 1884 1762 an
1923 1697 1990 1762 in
2032 1697 2231 1814 Eoeis
2261 1696 2511 1778 fabula,
2582 1696 2661 1762 de
2703 1715 2828 1780 qua

611 1804 841 1886 agitur,
880 1804 1018 1886 ipsa
1059 1802 1356 1869 defuerit.

779 1911 988 1989 Quare
1054 1910 1341 1991 equidem
1404 1909 1832 1991 fragmentum
1895 1911 2273 1977 CLXXXIII
2328 1913 2463 1994 (12)
2489 1911 2567 1994 15)
2588 1963 2602 1991 ,
2665 1909 2831 1994 quod

609 2014 1189 2081 Marckscheffelius
1244 2015 1474 2097 aliique
1491 2066 1507 2092 ‚
1571 2016 1708 2081 eius
1766 2017 1874 2099 qui
1928 2016 2165 2083 scholia
2217 2016 2574 2083 Germanici
2617 2016 2831 2083 Stroz-

607 2122 791 2186 ziana
833 2118 1088 2187 confuse
1133 2119 1379 2186 consuit
1403 2120 1502 2203 1⁶),
1548 2119 1739 2186 dubia
1765 2123 2165 2188 auctoritate
2205 2123 2271 2187 in
2315 2141 2596 2188 errorem
2639 2122 2830 2203 rapti,

612 2226 693 2294 ad
761 2226 1315 2307 astrologiam,
1384 2245 1573 2309 quam
1652 2227 2032 2294 Plutarchus
2058 2229 2135 2312 1⁷)
2209 2235 2277 2294 et
2350 2228 2588 2293 Plinius
2614 2229 2694 2311 1⁸)
2766 2233 2834 2293 et

613 2332 955 2400 scholiasta
994 2333 1174 2398 Arati
1195 2333 1276 2415 1⁹)
1322 2333 1703 2399 adversante
1749 2334 2075 2402 Athenaeo
2098 2336 2179 2417 2⁰)
2223 2340 2291 2401 et
2310 2337 2512 2416 ipsam
2549 2334 2614 2400 in
2658 2333 2832 2399 libris

615 2439 695 2504 ab
736 2437 1010 2505 Hesiodo
1066 2438 1319 2520 scriptis
1371 2444 1709 2504 numerant
1727 2491 1742 2520 ,
1807 2440 2231 2527 rettulerunt,
2297 2440 2598 2522 Catalogo
2641 2458 2829 2523 quam

614 2547 820 2627 EoeiS,
864 2554 939 2613 ut
979 2547 1119 2612 vult
1157 2547 1472 2614 Robertus
1493 2549 1596 2631 2¹),
1639 2548 1965 2629 assignare
2007 2549 2240 2614 malim.

765 2762 854 2830 12)
891 2762 958 2818 fr.
998 2763 1141 2817 CLX
1179 2763 1296 2829 (88;
1336 2764 1500 2819 schol.
1537 2765 1717 2834 Apoll.
1753 2765 1929 2821 Rhod.
1966 2766 2042 2835 ΙΙ,
2087 2765 2226 2831 181).

764 2858 857 2921 13)
894 2857 961 2912 fr.
1003 2858 1175 2913 CLXI
1215 2859 1334 2928 (913
1372 2860 1539 2914 schol.
1580 2860 1760 2929 Apoll.
1798 2860 1971 2916 Rhod.
2010 2861 2085 2931 II,
2139 2861 2295 2925 1122.
2346 2876 2489 2930 quae
2539 2857 2826 2927 exscripsit

618 2952 864 3009 Eudocia
904 2969 1035 3022 pag.
1074 2954 1105 3008 7
1110 2952 1181 3023 9).

765 3046 855 3117 14)
894 3047 963 3102 fr.
1002 3048 1197 3104 CLXV
1236 3049 1355 3115 (37;
1403 3048 1718 3104 Antoninus
1756 3050 2029 3107 Liberalis
2067 3068 2188 3121 cap.
2225 3053 2337 3118 23).
2429 3045 2435 3053 ’

767 3142 855 3209 15)
893 3142 1264 3197 Eratosth.
1306 3142 1577 3198 Catast.
1617 3145 1782 3200 ΧΙΧ;
1824 3142 1940 3216 εἶχε
1978 3147 2036 3201 δὲ
2070 3151 2291 3220 χρυσῆν
2316 3144 2510 3220 δαρόν,
2551 3142 2623 3208 ὥς
2644 3141 2832 3200 ε--Ησίο

624 3212 719 3298 δὀς
752 3237 848 3291 καὶ
889 3233 1206 3312 Φερεκύδης
1243 3234 1550 3311 εἰρήκασιν.
1625 3241 1679 3293 Η
1693 3256 1781 3310 yg·
1796 3257 1880 3298 in
1919 3247 2190 3298 astron.
2211 3244 2288 3312 H,
2327 3244 2427 3298 20:
2467 3258 2628 3311 quem
2668 3240 2835 3309 (arie-

617 3332 762 3402 tem)
800 3330 1075 3387 Hesiodus
1125 3337 1184 3388 et
1230 3333 1575 3403 Pherecydes
1618 3334 1703 3390 ait
1746 3336 2006 3392 habuisse
2053 3354 2277 3393 auream
2322 3338 2539 3407 pellem.
2611 3335 2735 3391 Sch
2752 3335 2833 3390 ol

623 3425 1030 3501 Germanici
1064 3428 1526 3487 Basileensia
1564 3446 1616 3498 p.
1660 3431 1743 3500 79,
1787 3433 1876 3511 18:
1914 3448 2081 3487 aureo
2118 3433 2324 3488 vellere
2362 3438 2493 3487 cata
2520 3431 2836 3486 Hesiodum.

769 3522 858 3603 16)
899 3521 1036 3575 cod.
1076 3520 1405 3578 Strozz.·I
1457 3540 1510 3592 p.
1552 3523 1688 3580 1422
1762 3526 2009 3581 Arietem
2046 3543 2300 3595 namque,
2354 3531 2421 3582 ut
2459 3527 2736 3582 Hesiodus
2778 3531 2839 3580 et

623 3615 966 3686 Pherecydes
1004 3616 1212 3684 dicunt,
1267 3616 1416 3672 inter
1450 3623 1607 3674 astra
1647 3620 2005 3676 conlocatum.
2084 3623 2236 3677 Conf.
2277 3623 2321 3677 Ο
2379 3622 2631 3677 Mueller.
2703 3621 2836 3676 Pro-

596 3713 825 3789 1680111.
864 3728 993 3782 pag.
1038 3710 1154 3766 199.

772 3800 859 3871 17)
897 3802 966 3856 de
1003 3801 1164 3872 Pyth.
1204 3801 1409 3856 oracul.
1450 3802 1535 3857 18.

771 3896 860 3967 18)
897 3896 1106 3952 Histor.
1143 3902 1263 3951 nat.
1300 3896 1516 3964 XVIII,
1555 3899 1640 3952 25.

772 3993 861 4061 19)
902 3992 974 4046 ad
1011 4009 1065 4048 v.
1102 3990 1237 4059 254;
1296 4008 1455 4060 quem
1503 3998 1728 4048 secutus
1776 4001 1865 4049 est
1915 3994 2004 4050 Tz
2022 4002 2133 4069 etz
2150 4013 2216 4051 es
2255 3998 2328 4052 ad
2363 3995 2495 4053 Hes.
2535 3997 2636 4068 Op.
2674 4003 2733 4054 et
2768 3998 2837 4053 D.

626 4087 758 4156 3823
800 4086 938 4141 Chil.
977 4085 1107 4155 XII,
1150 4087 1269 4142 169.

769 4181 868 4251 20)
903 4180 1004 4248 ΧΙ,
1042 4198 1094 4250 p.
1133 4178 1235 4234 491
1276 4181 1334 4236 O.

769 4275 862 4347 21)
899 4275 1289 4331 Eratosthenis
1308 4276 1833 4333 Catasterismorum
1870 4278 2138 4347 reliquiae
2173 4297 2284 4338 rec.
2320 4281 2497 4338 Oarol.
2534 4283 2839 4352 Robertus3

625 4370 871 4428 Berolini
909 4371 1075 4439 18783
1113 4386 1242 4442 pag.
1282 4370 1404 4426 240.
