3259 5042
1348 365 1436 382 ....
1519 312 1764 399 33...

450 529 594 579 cum
659 511 1019 596 Apollodori
1079 514 1442 581 narratione
1499 519 1871 598 congruunt.
1961 513 2047 582 At
2107 517 2377 583 salutem
2448 515 2666 583 liberis

450 618 714 685 allatam
755 618 1047 685 similiter
1088 618 1426 701 descripsit
1480 625 1673 701 atque
1718 620 2097 702 Apostolius.
2183 621 2340 686 Cum
2394 622 2514 689 hac
2557 622 2666 687 de-

449 725 638 806 nique
679 724 959 791 fabulam
999 726 1211 793 Inonis
1250 727 1603 792 arctissime
1648 728 1985 808 coniunxit,
2036 747 2176 795 cum
2213 729 2664 795 Athamantem

449 833 674 900 fraude
713 834 969 901 detecta
1009 835 1419 903 ulciscentem
1462 835 1753 918 fingeret,
1772 835 2053 902 necando
2081 837 2437 903 Learchum
2467 837 2663 904 filium

450 945 903 1027 coniugemque
945 943 1398 1028 persequend0‚
1445 945 1643 1012 donec
1683 946 1749 1010 in
1793 964 1968 1012 mare
2009 964 2079 1012 se
2123 946 2594 1027 praecipitaret.

617 1123 750 1190 Has
791 1122 950 1200 duas
991 1122 1235 1190 fabulas
1275 1124 1454 1190 initio
1513 1125 1833 1190 seiunctas
1879 1124 2185 1191 Zenobius
2228 1143 2473 1207 quoque
2517 1143 2662 1190 con-

448 1230 712 1312 iungere
756 1235 1017 1296 conatus
1058 1229 1208 1296 deos
1247 1230 1507 1296 insidias
1547 1230 1692 1296 illas
1734 1230 2114 1297 ulciscentes
2157 1230 2325 1296 facit.

612 1407 798 1491 Apud
856 1408 1301 1491 Apollodorum
1359 1414 1572 1474 autem
1611 1373 1699 1475 'et
1742 1409 2037 1475 Tzetzam
2079 1408 2448 1474 Athamanti
2494 1408 2535 1473 J
2536 1426 2661 1475 uno

455 1513 730 1582 furorem
771 1515 985 1582 iniecit
1025 1515 1211 1594 irata,
1255 1515 1422 1597 quod
1464 1516 1575 1580 Ino
1598 1515 1915 1581 Bacchum
1958 1515 2204 1582 Semele
2246 1520 2452 1580 matre
2490 1515 2529 1580 J
2531 1514 2665 1579 ovis

453 1619 809 1688 fulminibus
850 1620 1183 1703 absumpta
1223 1623 1384 1704 clam
1426 1621 1825 1687 educaverat.

611 1799 686 1863 In
726 1798 1139 1879 Apollonii
1179 1798 1473 1866 Rhodii
1530 1804 2013 1879 argumento
2054 1799 2360 1865 Athamas
2403 1800 2663 1864 Inonem

449 1905 515 1968 in
560 1904 1025 1970 matrimonium
1090 1904 1263 1971 ducit
1306 1905 1590 1987 Nephele
1649 1911 1986 1984 mortua,
2062 1906 2174 1969 Ino
2236 1906 2417 1986 ipsa
2460 1910 2666 1972 torret

446 2011 704 2088 semina,
778 2016 1012 2076 vates
1072 2016 1511 2078 convocantur.
1596 2011 1882 2076 Eventus
1960 2030 2036 2076 ex
2111 2011 2419 2093 Apostolii
2487 2011 2662 2077 fonte

444 2117 714 2183 haustus
736 2124 853 2197 est,
894 2117 1007 2184 sed
1031 2123 1163 2184 tam
1185 2117 1500 2199 brevibus,
1545 2124 1617 2183 ut
1657 2117 1738 2183 ad
1763 2117 2124 2199 Apollodori
2152 2118 2665 2199 descriptionem,

446 2241 716 2304 quacum
757 2222 1003 2305 reliqua
1055 2206 1426 2306 congruunt,
1495 2243 1694 2305 prope
1747 2223 2008 2291 accedat
2024 2277 2038 2304 ‚
2110 2225 2229 2289 nisi
2294 2225 2460 2290 forte
2517 2231 2664 2304 post

450 2331 783 2414 »κατῆλθε
810 2328 1050 2416 xptos-‘2
1096 2348 1257 2413 quae
1285 2330 1451 2412 apud
1494 2329 1834 2396 Eudociam
1851 2330 1931 2412 48)
1984 2331 2420 2412 reperiuntur:
2467 2332 2658 2412 „[xa2]

454 2431 861 2520 ἅπήγγειλεν
919 2432 1149 2513 αὐτοῖς
1206 2434 1320 2502 τόν
1364 2432 1819 2521 ἐπηρτημένον
1862 2436 2202 2502 κίνδυνον“
2276 2426 2663 2501 exciderunt.

615 2612 800 2680 Unde
847 2612 1118 2681 efficitur
1161 2615 1575 2701 narrationes,
1620 2635 1780 2698 quas
1823 2615 2339 2697 comparavimuS,
2386 2613 2465 2679 ad
2510 2614 2666 2681 duos

453 2726 703 2785 tantum
745 2720 954 2788 fontes
1010 2721 1391 2806 archetypos
1449 2722 1837 2788 revocandas
1900 2741 2071 2801 esse,
2145 2741 2408 2803 quorum
2471 2740 2665 2804 unum
2711 2753 2716 2759 ·

450 2826 882 2910 Apollodorus,
926 2828 1200 2896 alterum
1241 2830 1325 2895 M.
1373 2828 1734 2912 Apostolius
1754 2828 1837 2912 4⁰)
1877 2829 2285 2910 integerrime
2327 2827 2620 2893 reddidit.
2699 2828 2702 2829 *

591 3164 686 3235 48)
724 3182 856 3236 pag.
913 3166 1016 3221 146
1082 3164 1384 3236 (Eudociae
1441 3166 1735 3235 Augustae
1788 3162 2080 3221 violarium
2136 3165 2219 3220 ed.
2283 3164 2408 3220 Joh.
2471 3163 2658 3232 mach,
2681 3132 2724 3212 s.

451 3275 570 3328 cap.
608 3258 939 3327 CCOXLH).

591 3395 684 3462 49)
724 3397 882 3453 Ceut.
920 3396 1081 3467 XIII,
1118 3396 1189 3452 46
1225 3398 1283 3453 in
1321 3396 1453 3454 edit.
1494 3395 1833 3453 Pantiniana
1852 3435 1866 3463 ,
1921 3397 2067 3465 apud
2107 3395 2463 3451 Leutschium
2501 3395 2657 3464 (Par-

448 3491 828 3565 oemiographi
863 3491 1076 3565 graeci)
1112 3492 1212 3562 XI,
1250 3493 1336 3548 58.
