3259 5042
1542 353 1912 419 ...6.-

666 614 673 620 ,
780 534 836 603 Ε
877 537 1176 621 Dionysio
1238 534 1476 620 pendet
1536 538 1939 626 Diodorus
1999 539 2351 623 Siculus,
2422 542 2530 625 qui
2591 541 2838 626 etipse

617 642 930 709 Phrixum
971 662 1115 709 cum
1157 644 1538 725 paedagogo,
1584 645 1686 710 cui
1725 663 1952 710 nomen
1994 645 2189 713 fuerit
2230 646 2393 729 Crio,
2434 648 2501 712 in
2543 647 2839 715 Colchida

614 747 851 830 fugisse
889 750 981 816 ait
1001 748 1077 834 4).

779 872 1161 952 Quibuscum
1207 891 1370 954 quae
1425 873 1778 939 arctissime
1821 876 2198 957 iunguntur,
2266 876 2404 942 fieri
2445 883 2689 960 potest,
2758 887 2835 948 ut
2887 890 2902 905 “

609 978 889 1045 indidem
923 979 1155 1045 hausta
1196 979 1357 1045 sint:

774 1085 1150 1174 Scytharum
1191 1105 1324 1166 rex,
1367 1086 1474 1168 qui
1517 1090 1668 1150 tunc
1708 1086 1932 1168 ipsum,
1977 1104 2121 1152 cum
2160 1087 2412 1171 Phrixo,
2458 1097 2535 1158 ut
2574 1111 2832 1175 capere-

608 1197 735 1273 tur,
800 1172 1048 1274 accidit,
1119 1194 1287 1275 apud
1329 1191 1598 1258 Aeetam
1664 1191 1915 1258 affinem
1958 1195 2343 1277 morabatur,
2387 1216 2654 1279 puerum
2697 1220 2827 1267 am-

605 1299 828 1382 plexus
888 1317 1104 1366 amore
1157 1299 1479 1381 arrogavit
1538 1298 1782 1382 sibique
1835 1300 2280 1367 succedentem
2333 1302 2502 1372 fecit.
2589 1305 2829 1373 Paeda-

603 1406 751 1488 gogi
791 1425 943 1472 vero
982 1405 1119 1472 deis
1160 1404 1464 1471 immolati
1504 1405 1738 1487 pellem
1780 1406 2019 1488 templo
2047 1405 2400 1475 affixerunt.
2488 1412 2627 1490 Quo
2656 1411 2826 1478 facto

602 1513 839 1579 Aeetes
880 1531 1025 1579 cum
1068 1531 1145 1577 ex
1185 1511 1437 1577 oraculo
1479 1509 1786 1576 audiisset
1838 1530 1909 1577 se
1964 1512 2341 1580 moriturum
2385 1533 2544 1598 esse,
2619 1517 2675 1582 si
2718 1517 2829 1583 ad-

603 1636 803 1685 venae
848 1617 978 1684 Crii
1023 1618 1253 1700 pellem
1293 1616 1724 1698 abstulissent,
1769 1617 1981 1683 lucum
2022 1619 2318 1701 munivit,
2363 1622 2659 1688 custodes
2702 1622 2826 1690 dis-

600 1726 815 1809 posuit
868 1725 1223 1808 pellemque
1280 1724 1629 1803 inauravit,
1703 1731 1777 1790 ut
1831 1734 2094 1807 propter
2136 1726 2536 1856 splendorem
2577 1747 2825 1795 summa

601 1849 757 1897 cura
796 1831 1187 1913 dignaretur

767 1956 1058 2038 Itemque
1100 1973 1216 2036 per
1256 1953 1591 2019 draconem
1627 1952 1813 2018 homo
1864 1952 2112 2019 nomine
2154 1954 2366 2025 Draco
2406 1956 2826 2040 intellegitur,

598 2062 895 2130 custodes
938 2080 975 2127 e
1017 2058 1253 2126 Tauria
1292 2058 1476 2124 acciti
1516 2077 1633 2140 per
1674 2065 1893 2123 tauros
1910 2109 1925 2139 ,
1989 2058 2096 2141 qui
2141 2078 2219 2125 ex
2259 2078 2451 2127 saevo
2492 2080 2669 2129 more
2710 2064 2822 2130 ad-

598 2188 794 2237 venas
834 2166 1100 2235 necandi
1140 2165 1426 2231 flammas
1468 2182 1761 2229 evomere
1804 2163 2113 2232 ferantur.

763 2292 1035 2360 Aliunde
1085 2289 1354 2373 petitum
1422 2288 1696 2368 videtur,
1768 2288 1936 2370 quod
2002 2288 2320 2356 Diodorus
2390 2288 2614 2357 eodem
2681 2292 2820 2361 loco

595 2399 816 2482 refert,
881 2398 1181 2465 Phrixum
1220 2396 1385 2476 navi,
1456 2395 1522 2459 in
1582 2393 1760 2459 cuius
1820 2411 2010 2476 prora
2066 2395 2286 2462 arietis
2339 2395 2570 2478 imago.
2603 2396 2816 2478 fuerit,

592 2506 947 2590 profectum
990 2522 1150 2584 esse,
1224 2502 1454 2567 Hellen
1507 2509 1727 2571 autem
1780 2515 2018 2566 nausea
2068 2500 2487 2568 conflictatam
2529 2502 2597 2568 in
2638 2521 2814 2569 mare

592 2612 901 2680 decidisse
922 2610 995 2694 5).

756 2735 1042 2804 Eandem
1109 2730 1573 2813 interpretandi
1650 2730 1963 2797 rationem
2044 2731 2188 2798 iniit
2254 2732 2815 2817 Palaephatus

588 2848 747 2932 περὶ
815 2840 1161 2919 ἀπιστῶν,
1238 2839 1340 2904 cui
1409 2839 1566 2903 haec
1636 2845 1893 2919 praesto
1965 2845 2106 2905 erat
2176 2838 2486 2905 Phrixeae
2555 2841 2811 2909 fabulae

587 2954 793 3020 forma
813 2954 895 3034 ⁸):

751 3059 1020 3124 Phrixus
1035 3106 1051 3135 ‚
1113 3056 1221 3138 qui
1262 3053 1345 3120 ab
1384 3054 1590 3119 ariete
1636 3060 1886 3135 patrem
1930 3053 2049 3118 sibi
2102 3072 2325 3121 necem
2374 3075 2607 3139 parare
2644 3078 2811 3126 com·

585 3167 890 3250 perisset,
963 3179 1105 3229 cum
1170 3162 1356 3227 Helle
1425 3180 1643 3227 sorore
1706 3161 1974 3226 arietem
2043 3162 2407 3229 conscendit
2472 3169 2542 3230 et
2602 3164 2809 3232 tribus

582 3277 963 3358 quattuorve
1003 3267 1226 3335 diebus
1266 3268 1334 3333 in
1355 3268 1625 3332 Pontum
1647 3266 1959 3331 Euxinum
1999 3268 2308 3348 pervenit.
2393 3268 2467 3334 In
2509 3269 2807 3337 Colchide

582 3379 885 3448 mactavit
922 3377 1190 3444 arietem
1231 3374 1618 3455 mactatique
1661 3372 1894 3454 pellem
1916 3373 2160 3438 Aeetae
2200 3375 2453 3440 muneri
2493 3374 2690 3454 dedit.
2731 3382 2807 3443 ut

579 3486 718 3553 eius
758 3484 951 3551 filiam
993 3482 1373 3563 Chalciopen
1415 3480 1482 3545 in
1525 3478 1994 3545 matrimonium
2037 3479 2373 3561 acciperet.

743 3608 983 3690 Quibus
1021 3607 1308 3673 immixta
1349 3611 1518 3685 sunt,
1563 3622 1741 3686 ,quae
1783 3604 2030 3670 auctori
2069 3603 2465 3672 incredibilia
2504 3605 2801 3673 videban-

576 3722 712 3784 tur:
757 3714 951 3782 breve
972 3722 1226 3796 tempus
1245 3710 1512 3791 itineris,
1557 3706 1855 3792 ma‘gnum
1892 3710 2114 3777 arietis
2151 3728 2329 3791 onus,
2372 3714 2638 3794 penuria
2678 3713 2799 3780 cibi

573 3823 850 3909 potique,
894 3821 1107 3886 Phrixi
1148 3819 1395 3886 animus
1433 3817 1743 3900 ingratus,
1787 3816 2001 3883 vilitas
2043 3816 2246 3901 pellis.

712 4109 776 4178 4)
812 4108 1079 4165 Biblioth.
1131 4107 1326 4164 histor.
1382 4108 1489 4177 IV,
1527 4107 1628 4176 473
1689 4123 1759 4162 ex
1795 4120 2021 4177 recogn.
2059 4107 2213 4161 Imm.
2250 4105 2510 4176 Bekkeri,
2566 4105 2791 4177 Lipsiae

572 4205 603 4260 1
716 4244 732 4261 .

606 4206 768 4368 853ξ»)
810 4299 881 4357 cf.
920 4300 1087 4356 schol.
1125 4298 1303 4368 Apoll.
1342 4299 1520 4354 Rhod.
1557 4298 1603 4367 I,
1642 4296 1779 4365 2563
1818 4296 2004 4352 Tacit.
2043 4298 2246 4353 Annal.
2284 4296 2381 4367 VI,
2422 4297 2507 4353 34.

712 4395 769 4468 6)
805 4394 1070 4467 Palaeph.
1109 4410 1228 4466 cap.
1265 4393 1455 4450 XXXI
1490 4392 1551 4449 in
1586 4392 2002 4450 Westermann.
2043 4397 2303 4470 Μυθογρ,
2340 4409 2393 4464 p.
2432 4392 2556 4448 292.
