3259 5042
652 525 846 608 Atqui
887 524 1202 606 duplicem
1260 523 1691 590 recensionem
1732 522 1948 587 Phrixi
1989 527 2478 590 commemorant
2501 521 2696 588 ‘scho-

486 632 676 698 liasta
699 630 1135 712 Aristophanis
1158 633 1231 704 14)
1264 635 1332 695 et
1359 630 1593 695 Tzetza
1619 630 1718 712 1⁵).
1804 628 2311 697 Schneidewinus
2334 632 2417 711 1⁰)
2443 628 2697 712 quidem

483 738 572 803 nil
616 739 736 803 nisi
777 737 1102 818 prologum
1143 737 1208 800 in
1249 737 1456 802 altera
1495 735 1862 801 recensione
1908 740 2206 800 novatum
2245 734 2439 800 fuisse
2483 735 2697 800 existi-

487 849 639 909 mat.
725 843 848 910 Sed
894 849 961 909 et
1000 848 1392 925 spectatores
1443 847 1509 907 et
1562 841 1766 924 ipsum
1808 842 2173 923 Euripidem
2232 841 2500 907 offensos
2557 834 2697 907 esse

483 949 831 1032 putandum
861 956 978 1029 est,
1022 949 1188 1031 quod
1227 950 1290 1014 in
1333 948 1543 1030 priore
1585 948 1968 1027 recensione,
2012 966 2202 1031 quam
2228 948 2514 1030 Hyginus
2552 946 2699 1012 red-

485 1055 662 1134 didit,
710 1055 976 1120 Phrixus
1021 1061 1089 1121 et
1130 1054 1334 1134 Helle,
1374 1054 1517 1120 ‘etsi
1557 1054 1690 1120 vita
1734 1072 1950 1120 eorum
1993 1053 2216 1118 fraude
2268 1053 2478 1119 Inonis
2520 1058 2700 1134 pate-

483 1160 655 1226 facta
699 1179 822 1226 non
863 1161 990 1225 iam
1031 1161 1455 1242 periclitatur,
1515 1159 1650 1224 sine
1695 1159 1824 1223 ulla
1864 1176 2055 1225 causa
2099 1177 2134 1223 e
2178 1160 2387 1240 patria
2429 1158 2698 1238 fugiunt.

486 1266 646 1348 Quid
688 1267 884 1347 igitur
910 1268 1118 1348 potuit
1147 1267 1467 1347 antiquius
1496 1265 1732 1330 habere
1754 1272 1961 1347 poeta,
2005 1283 2193 1347 quam
2217 1271 2290 1329 ut
2312 1264 2702 1346 tragoediam

486 1393 665 1439 suam
706 1373 876 1440 vitiis
922 1373 1189 1438 sublatis
1234 1372 1573 1454 expoliret,
1646 1372 1812 1437 unde
1870 1371 2232 1453 Apollodori
2275 1371 2700 1436 narrationem

487 1481 840 1547 manavisse
881 1468 1181 1564 su‘spicor.

651 1612 773 1677 Sed
821 1618 888 1678 et
927 1611 1263 1693 Sophocles
1305 1609 1712 1691 tragoediam,
1784 1629 1946 1692 quae
2003 1610 2365 1676 inscribitur
2406 1611 2698 1691 Phrixus,

492 1718 854 1798 composuit,
900 1717 1074 1782 cuius
1098 1723 1312 1783 tamen
1341 1735 1580 1798 paucae
1602 1716 1908 1797 reliquiae
1929 1724 2287 1797 supersunt.
2330 1717 2704 1782 Welckerus

487 1822 674 1888 huius
715 1822 964 1888 fabulae
1022 1829 1463 1904 argumentum
1518 1823 1875 1904 repperisse
1936 1821 2053 1892 sibi
2106 1822 2276 1887 visus
2329 1827 2431 1886 est
2483 1823 2548 1887 in
2604 1822 2701 1903 iis,

496 1948 656 2011 quae
701 1928 779 1992 de
825 1929 1066 1994 incesto
1109 1915 1432 1994 novercae
1476 1929 1579 1992 vel
1635 1917 1848 2009 patrui
1891 1927 2167 2007 coniugis
2210 1946 2362 2007 erga
2407 1927 2704 1993 Phrixum
2743 2014 2747 2019 ,

488 2052 701 2099 amore
743 2020 1083 2099 scholiasta
1116 2033 1371 2098 Pindari
1395 2034 1476 2117 1⁷)
1520 2039 1586 2099 et
1628 2033 1914 2114 Hyginus
1938 2035 2016 2112 18)
2061 2032 2365 2099 referunt.

652 2163 772 2229 Vix
813 2171 1028 2230 autem
1071 2163 1325 2229 dubium
1368 2169 1484 2243 est,
1529 2165 1678 2246 quin
1719 2162 2097 2228 Ribbeckius
2119 2167 2199 2240 1⁹)
2245 2181 2386 2227 eam
2427 2163 2703 2228 fabulam

487 2271 837 2336 imitatione
880 2271 1205 2355 Hippolyti
1245 2271 1568 2351 Euripidei
1611 2269 1881 2335 effictam
1922 2269 2189 2351 ideoque
2220 2289 2259 2333 a
2285 2270 2704 2351 posteriorum

491 2383 846 2459 temporum
890 2380 1131 2459 tragico
1173 2384 1364 2460 poeta
1410 2379 1828 2459 conscriptam
1886 2395 2024 2443 esse
2066 2384 2245 2442 recte
2290 2376 2701 2443 contenderit.

651 2505 901 2571 Urlichs
925 2509 1006 2589 2⁰)
1049 2507 1115 2570 in
1157 2506 1276 2570 hac
1318 2505 1646 2586 tragoedia
1673 2505 1889 2570 Phrixi
1930 2507 1994 2570 in
2024 2504 2321 2570 Colchida
2362 2504 2704 2570 adventum

485 2613 874 2694 propositum
918 2632 1058 2678 esse
1101 2613 1383 2693 coniecit,
1423 2631 1611 2695 quam
1654 2613 2037 2679 sententiam
2061 2612 2431 2677 Welckerus
2473 2611 2705 2692 impro-

487 2717 682 2798 bavit,
726 2718 888 2800 quod
931 2721 995 2783 in
1036 2719 1132 2799 iis,
1177 2738 1339 2802 quae
1382 2719 1797 2799 Apollodorus
1839 2724 1909 2783 et
1950 2720 2316 2799 Apollonius
2358 2718 2438 2782 de
2469 2718 2586 2782 hac
2632 2736 2705 2782 re

485 2824 827 2889 memoriae
869 2824 1311 2905 prodiderunt,
1384 2824 1537 2890 nihil
1596 2825 1864 2889 inveniri
1904 2825 2105 2906 possit
2122 2877 2137 2906 ,
2201 2824 2367 2906 quod
2407 2824 2473 2889 in
2516 2841 2707 2889 scena

489 2938 737 3011 agatur.

733 3212 827 3264 καὶ
862 3207 974 3285 γὰρ
1012 3217 1225 3284 πέφυκε
1261 3211 1407 3266 τοῦτ’
1448 3219 1507 3267 ἓν
1546 3209 1850 3288 ἀνθρώπου
1888 3211 2076 3287 φύσει·

739 3301 809 3375 ἢν
844 3307 938 3360 καὶ
978 3307 1098 3381 δίκῃ
1137 3305 1349 3383 θνήσκῃ
1388 3329 1491 3373 τις,
1532 3307 1639 3379 οὐχ
1674 3297 1848 3381 {vocor
1885 3316 2051 3364 ποθεῖ

736 3405 850 3461 πᾶς
889 3421 971 3461 τις
1011 3398 1274 3475 δακρύειν
1310 3401 1437 3464 τούς
1474 3407 1863 3478 προσήκοντας
1900 3407 2116 3477 φίλους.

634 3513 726 3585 14)
765 3515 837 3568 ad
874 3532 923 3570 v.
967 3515 1133 3570 1225:
1170 3519 1269 3567 τοῦ
1308 3515 1647 3589 δευτέρου
1690 3522 1901 3590 Φρίξου
1943 3514 1975 3588 ἢ
2014 3515 2179 3594 ἀρχή.
2242 3581 2260 3599 ·

638 3629 726 3696 15)
767 3629 955 3683 eodem
978 3629 1210 3683 deloco:
1250 3628 1529 3683 Σιδώνιον
1553 3629 1677 3685 ποτ’
1721 3631 1877 3686 ἄστυ·
1919 3612 2266 3706 δευτέρου
2310 3635 2520 3706 Φρίξου
2541 3629 2709 3687 τοῦτό

495 3742 643 3786 τινες
681 3722 864 3798 ἀρχὴν
914 3721 1059 3778 εἶναι
1111 3728 1350 3796 λέγουσι,
1389 3724 1698 3797 ψεύδονται
1736 3729 1814 3792 δέ,
1869 3732 1971 3783 τοῦ
2023 3727 2133 3804 γὰρ
2171 3726 2456 3801 πρώτου
2498 3733 2709 3804 Φρίξου

495 3817 658 3873 τοῦτό
697 3825 848 3873 ἔστιν
886 3817 1030 3896 ἀρχή
1067 3823 1179 3875 κτλ.

644 3935 738 4005 16)
773 3933 969 3989 Phflol.
1009 3935 1120 3988 111.
1158 3952 1211 4004 p.
1250 3935 1373 3991 533.

646 4050 735 4118 17)
777 4048 848 4103 ad
884 4048 1049 4117 Pyth.
1085 4049 1184 4115 IV,
1226 4050 1355 4118 2883
1396 4050 1464 4104 cf.
1497 4048 1774 4118 Welcker‚
1814 4047 2223 4120 Griech.Trag.
2244 4050 2295 4116 Ι,
2329 4068 2381 4120 p.
2409 4052 2709 4108 317—319.

644 4164 734 4229 18)
775 4168 981 4217 astron.
1020 4162 1097 4231 II,
1136 4163 1234 4230 20;
1273 4163 1340 4216 cf.
1380 4163 1659 4232 Welcker‚
1699 4162 1914 4218 Griech.
1954 4163 2123 4235 Trag.
2163 4165 2207 4233 I,
2245 4182 2296 4234 p.
2336 4166 2636 4223 317—319.

644 4276 735 4343 19)
775 4274 879 4330 Die
915 4275 1201 4331 Romische
1241 4275 1534 4346 Tragtidie.

647 4390 742 4464 20)
777 4390 988 4447 Achaei
1023 4406 1164 4460 quae
1202 4396 1499 4462 supersunt
1535 4407 1585 4463 p.
1625 4390 1716 4449 40.
