3259 5042
2206 228 2245 259 Q

1432 320 1836 381 „44-

703 493 830 561 Sed
872 514 951 561 ex
992 494 1266 605 Diodoro
1287 494 1374 579 21)
1417 501 1487 561 et
1540 495 1788 578 Hygino
1810 494 1894 575 22)
1935 495 2053 560 hoc
2095 501 2539 577 argumentum
2585 495 2752 559 elici-

540 606 668 682 tur,
709 601 877 684 quod
914 608 990 667 ut
1030 601 1442 683 Sophocleum
1485 603 1589 682 sit,
1632 601 1768 667 fieri
1809 620 1994 683 posse
2037 602 2177 684 quis
2216 607 2442 683 neget:

659 803 665 809 .
706 725 977 790 Phrixus
1015 729 1346 807 postquam
1389 726 1452 790 in
1495 732 1736 791 terram
1759 726 2130 792 Colchorum
2162 726 2436 805 advenit,
2480 726 2750 807 primum

543 849 614 896 se
655 831 719 896 in
762 830 1005 896 occulto
1046 830 1368 896 continere
1411 831 1564 910 vult,
1609 831 1721 896 sed
1763 838 2060 913 repertus
2102 832 2182 896 ad
2224 851 2440 913 regem
2481 832 2752 910 ducitur,

545 938 646 1002 cui
701 955 863 1019 quae
921 935 1041 1001 sibi
1096 935 1458 1016 acciderint,
1523 944 1762 1004 narrat.
1847 939 2049 1003 Aeeta
2116 957 2289 1015 more
2325 936 2756 1025 ⁸barbarorum

543 1062 768 1126 preces
811 1042 979 1108 filiae
1025 1041 1389 1123 Chalciopes
1432 1049 1762 1109 aversatus
1807 1062 1947 1109 eum
1990 1050 2384 1109 mactaturus
2429 1049 2556 1122 est,
2614 1060 2755 1106 cum

546 1150 775 1215 Phrixo
818 1149 1068 1231 quidem
1110 1168 1400 1230 parcere,
1465 1151 1731 1215 arietem
1786 1159 2000 1216 autem
2058 1150 2383 1215 immolare
2425 1148 2678 1214 iubetur
2719 1167 2756 1212 a

546 1257 665 1322 deo
689 1259 772 1339 ²³)
811 1257 1215 1335 vaticinante,
1275 1255 1571 1337 quamdiu
1614 1257 1816 1321 vellus
1871 1244 2091 1321 arietis
2145 1257 2211 1320 in
2254 1255 2481 1320 Martis
2524 1257 2759 1336 templo

546 1363 650 1443 sit,
710 1361 952 1426 tamdiu
1015 1362 1282 1426 Aeetam
1347 1380 1486 1426 esse
1549 1367 1981 1442 regnaturum.
2066 1361 2166 1426 Ita
2227 1361 2495 1426 Phrixus
2560 1367 2759 1426 morte

547 1466 855 1535 liberatus
919 1467 1312 1550 hospitioque
1375 1472 1674 1549 receptus
1740 1465 2117 1549 Chalciopen
2177 1468 2242 1532 in
2298 1466 2762 1532 matrimonium

549 1575 794 1657 accipit.

1511 1818 1662 1902 Cap.
1723 1819 1804 1886 Π.

1455 2061 1458 2065 .
1582 2039 1635 2122 §-
1685 2044 1737 2104 1.

721 2220 763 2285 J
765 2239 865 2285 am
910 2236 1061 2284 vero
1107 2218 1189 2283 ad
1231 2218 1286 2282 R
1302 2235 1339 2284 o
1354 2237 1416 2282 m
1432 2236 1470 2282 a
1482 2238 1523 2283 n
1538 2238 1574 2283 o
1588 2238 1623 2283 r
1640 2238 1681 2283 u
1699 2237 1761 2282 m
1805 2218 2145 2301 scriptores
2188 2225 2606 2286 transeamus

725 2348 931 2426 Atque
997 2343 1074 2409 de
1130 2343 1476 2424 tragicis
1536 2342 1787 2425 quidem
1848 2345 2049 2425 poetis
2103 2345 2388 2410 Accius
2441 2345 2506 2410 in
2562 2345 2774 2411 fabula

558 2451 830 2516 Phrixea
890 2455 1180 2514 versatus
1238 2448 1627 2529 tragoediam
1682 2452 2026 2531 composuit
2043 2499 2059 2528 ,
2129 2470 2290 2532 quae
2336 2451 2641 2516 Athamas
2682 2452 2776 2516 in-

559 2557 873 2623 scribitur.
962 2555 1154 2620 Cuius
1195 2563 1637 2635 argumentum
1680 2555 2056 2621 Ribbeckius
2076 2556 2307 2638 Hygini
2352 2559 2772 2623 astronomiae
2883 2587 2892 2595 ·

561 2662 708 2728 libri
753 2662 1019 2728 alterius
1079 2661 1285 2741 capite
1327 2661 1446 2725 XX
1503 2661 1824 2726 continere
1881 2660 2246 2729 arbitratur.
2337 2664 2422 2727 At
2475 2672 2575 2729 est
2616 2665 2778 2729 veri-

561 2769 766 2835 simile
813 2769 1067 2833 Accium
1110 2767 1437 2848 neglectis,
1495 2776 1656 2849 quae
1693 2766 1814 2831 huc
1857 2768 2181 2848 spectant,
2231 2768 2553 2851 Sophoclis
2594 2771 2777 2834 Euri-

562 2874 850 2957 pidisque
894 2873 1236 2954 tragoediis
1278 2872 1553 2937 fabulam
1592 2872 1789 2951 ignoti
1817 2873 2140 2937 cuiusdam
2173 2875 2586 2955 posteriorum
2620 2881 2777 2940 tem-

562 3000 786 3063 porum
844 2986 1071 3060 poetae
1122 2979 1608 3044 contaminatam
1666 2979 1862 3043 latine
1917 2981 2229 3045 vertisse?
2316 2981 2493 3058 Quod
2537 2987 2610 3046 ut
2649 2987 2778 3046 sta-

564 3094 838 3164 tuamus
891 3104 1005 3150 nec
1050 3084 1371 3150 Ribbeckii
1415 3085 1893 3150 ratiocinatione
1952 3105 2155 3168 neque
2212 3088 2364 3169 ipsis
2405 3087 2778 3168 fragmentis

567 3194 864 3275 cogimur.
948 3192 1144 3257 Immo
1206 3209 1367 3272 quae
1414 3197 1685 3272 exstant,
1753 3193 1961 3257 omnia
2026 3194 2320 3275 explicari
2382 3201 2654 3276 queunt,
2724 3195 2778 3260 si

567 3299 901 3366 Welckero
924 3304 976 3382 ¹)
1048 3297 1368 3379 Sophoclis
1431 3299 1880 3367 Athamantem
1945 3299 2005 3364 α’
2068 3301 2148 3366 ab
2212 3303 2400 3368 Accio
2460 3301 2779 3367 redditum

573 3426 714 3474 esse
757 3412 900 3471 rato
942 3405 1348 3471 assentimur:

737 3532 828 3597 Ut
876 3531 1280 3597 sterilitatem
1336 3548 1374 3594 a
1416 3528 1700 3611 Nephele
1750 3530 1996 3596 illatam
2054 3537 2407 3610 removeat,
2476 3531 2781 3597 Athamas

574 3639 658 3704 ad
700 3637 1052 3720 Apollinem
1096 3635 1466 3718 Delphicum
1520 3636 1807 3702 nuntium
1857 3638 2089 3719 mittit,
2159 3638 2257 3702 cui
2312 3638 2426 3704 Ino
2472 3639 2783 3705 Cadmeae

575 3745 750 3828 genti
790 3745 917 3809 iam
951 3741 1188 3809 dudum
1229 3741 1511 3822 obnoxio,

718 4043 810 4112 21)
842 4041 941 4110 IV,
978 4041 1048 4099 47
1086 4040 1214 4099 vide
1251 4057 1382 4115 pag.
1419 4043 1505 4099 30.

719 4138 811 4207 22)
849 4138 960 4193 fab.
998 4136 1090 4192 ΠΙ
1127 4143 1187 4193 et
1224 4138 1391 4194 XXII
1431 4138 1555 4194 init.

721 4233 821 4301 23)
858 4232 1137 4304 Conferas,
1176 4250 1311 4302 quos
1347 4248 1514 4303 supra
1552 4249 1603 4302 p.
1645 4232 1716 4288 22
1753 4233 1879 4289 adn.
1919 4235 1992 4289 50
2027 4230 2202 4291 citavi
2236 4230 2516 4303 Apollonii
2552 4247 2757 4292 versus

726 4329 780 4405 1)
819 4330 910 4388 Gr.
952 4329 1126 4403 Trag.
1163 4330 1211 4400 Ι,
1246 4347 1374 4404 pag.
1415 4330 1536 4386 323.
