3259 5042
1401 374 1814 440 -12-..

490 553 691 618 auctis
733 551 1048 633 perfuncti
1089 558 1238 618 sunt
1254 603 1269 629 ,
1341 551 1611 634 denique
1671 548 2015 618 incolumes
2072 557 2141 617 et
2178 550 2416 618 divitiis
2454 552 2709 618 onerati

374 676 377 685 ·
494 661 559 725 in
605 660 880 742 patriam
925 660 1277 725 reveniunt.

663 765 864 843 Quam
909 770 1148 830 terram
1189 766 1469 846 ignotam
1511 764 1681 830 fama
1718 764 2006 831 omnibus
2038 830 2041 834 l
2069 765 2390 831 miraculis
2454 784 2713 832 exorna-

497 872 606 937 vit.
694 870 1046 937 Videbatur
1088 872 1317 953 populo
1358 888 1499 936 esse
1544 890 1638 950 ea,
1690 889 1852 953 quae
1895 871 2056 938 Solis
2098 872 2402 954 palatium
2445 872 2715 938 sustine-

497 972 608 1043 bat
665 997 863 1060 eoque
917 976 1060 1043 Αἶα
1113 977 1178 1043 id
1230 985 1331 1042 est
1388 984 1575 1058 γαῖα,
1641 985 1818 1043 terra
1868 973 2006 1043 κατ’
2052 974 2311 1063 ἕξοχήν,
2352 977 2714 1044 nominaba-

492 1089 600 1149 tur
624 1087 695 1162 Β).
783 1084 910 1151 Soli
955 1087 1151 1149 Aeam
1207 1083 1519 1149 habitanti
1565 1089 1805 1150 Aeetae
1828 1089 1882 1166 ⁷)
1942 1093 2084 1151 erat
2138 1103 2499 1166 cognomen,
2545 1083 2707 1167 quod

490 1198 716 1272 postea
757 1189 876 1256 deo
918 1189 1283 1271 ademptum
1342 1198 1409 1255 et
1451 1189 1686 1255 homini
1742 1189 1890 1257 ficto
1944 1190 2212 1257 inditum
2258 1199 2378 1271 est,
2424 1191 2532 1274 qui
2575 1191 2711 1257 eius

489 1295 655 1362 filius
698 1298 996 1377 Aeaeque
1035 1313 1147 1360 rex
1192 1295 1555 1377 putabatur.

655 1403 830 1467 Haec
873 1404 1008 1467 Aea
1048 1402 1257 1468 nescio
1315 1421 1395 1467 an
1449 1401 1648 1469 fuerit
1702 1403 1881 1469 initio
1935 1403 2244 1482 Lemnus,
2314 1404 2421 1470 ubi
2464 1404 2714 1486 Minyas

490 1509 846 1574 consedisse
889 1527 1238 1592 uxoresque
1290 1509 1618 1592 indigenas
1676 1509 1927 1576 duxisse
1990 1529 2108 1593 pro
2170 1517 2347 1579 certo
2409 1510 2709 1577 affirmari

488 1620 762 1696 oportet.
850 1615 1129 1693 Quorum
1170 1617 1442 1697 posteris
1497 1616 1580 1681 ad
1632 1616 1802 1698 ipsos
1856 1618 2254 1697 Argonautas
2308 1619 2562 1697 relatis,
2632 1625 2715 1683 ut·

489 1727 858 1808 repentinus
899 1726 1122 1791 horum
1165 1745 1306 1791 cum
1349 1725 1796 1792 Lemniadibus
1852 1726 2219 1793 concubitus
2271 1728 2404 1791 veri
2446 1726 2707 1792 similior

487 1832 832 1913 videretur,
876 1831 1091 1897 fabula
1133 1831 1213 1897 de
1242 1833 1611 1899 maritorum
1658 1832 1921 1915 perfidia
1964 1840 2243 1915 neceque
2284 1835 2542 1899 inventa
2584 1839 2702 1898 est.

653 1938 797 2003 Mox
837 1945 1052 2005 autem
1094 1939 1309 2004 Asiam
1365 1939 1668 2005 minorem
1728 1941 1925 2004 Aeam
1967 1938 2245 2005 habitam
2306 1958 2447 2005 esse
2508 1957 2586 2003 ex
2628 1958 2705 2005 eo

488 2043 860 2110 concludere
903 2045 1108 2124 velim,
1158 2044 1320 2128 quod
1364 2046 1525 2112 Teos
1572 2045 1653 2111 ab
1682 2046 2068 2112 Athamante
2110 2045 2361 2112 condita
2390 2064 2530 2112 esse
2559 2064 2702 2127 pro-

482 2151 657 2217 ditur
675 2153 748 2225 ⁸).

647 2258 960 2323 Paulatim
1023 2277 1185 2324 vero·
1236 2257 1651 2340 expeditionis
1702 2259 1844 2325 finis
1899 2259 2144 2340 longius
2203 2265 2397 2341 atque
2457 2258 2701 2340 longius

482 2364 767 2447 prolatus
836 2365 961 2431 iam
1033 2372 1182 2431 ante
1245 2365 1503 2431 Homeri
1570 2372 1848 2431 aetatem
1919 2365 1984 2430 in
2053 2364 2237 2431 Ponti
2300 2364 2527 2430 Euxini
2588 2383 2700 2431 ora

481 2471 880 2556 quaerendus
922 2477 1050 2551 est,
1122 2472 1175 2537 si
1231 2472 1370 2537 iure
1428 2473 1710 2554 suspicor
1753 2472 2238 2554 Symplegadum
2294 2461 2570 2537 fabulam
2611 2483 2704 2536 ex·

481 2577 591 2643 illo
631 2573 953 2643 oculorum
995 2576 1266 2643 ludibrio
1308 2586 1513 2643 ortam
1559 2596 1719 2657 esse,
1764 2594 1888 2659 quo
1931 2578 2120 2643 litora
2162 2578 2422 2658 Bospori
2465 2577 2698 2642 medio-

483 2682 692 2748 cribus
744 2688 812 2749 et
865 2702 1068 2766 paene
1123 2682 1381 2765 paribus
1432 2684 1783 2750 intervallis
1839 2685 2009 2749 inter
2070 2702 2141 2749 se
2182 2683 2486 2750 distantia
2525 2678 2697 2749 inve-

479 2788 773 2855 hentibus
817 2808 1192 2856 concurrere
1234 2790 1627 2857 videbantur.
2479 2791 2484 2796 ’

645 2897 761 2961 His
800 2896 999 2977 igitur
1039 2896 1395 2979 Minyarum
1451 2896 1952 2979 navigationibus
2003 2896 2196 2963 debet
2250 2897 2558 2978 originem
2616 2896 2713 2961 de·

481 3007 990 3084 Argonautarum
1042 3003 1441 3085 expeditione
1484 3002 1714 3083 fabula.

647 3113 699 3174 A
743 3127 868 3192 qua
924 3108 1220 3175 restricte
1273 3109 1718 3189 distinguenda
1774 3115 1873 3174 est
1925 3114 1994 3174 et
2052 3107 2263 3174 fabula
2316 3109 2590 3174 Phrixea
2609 3148 2612 3153 —
2629 3116 2697 3174 et

478 3216 772 3294 Jasonea,
813 3234 993 3298 quae,
1038 3235 1179 3282 cum
1210 3216 1464 3299 utrique
1487 3216 1711 3294 velluS‚
1757 3215 2102 3297 symbolum
2125 3214 2324 3296 nubis,
2369 3200 2695 3282 commune

478 3322 581 3401 sit,
622 3322 705 3387 ad
745 3341 823 3388 ea
865 3340 1025 3405 quae
1066 3323 1130 3388 in
1174 3341 1388 3388 rerum
1431 3329 1662 3388 natura
1701 3321 1880 3400 fiunt,
1922 3327 2318 3387 revocantur.

644 3427 910 3493 Phrixus
973 3427 1285 3510 significat
1345 3427 1612 3495 imbrem
1678 3447 1755 3493 ex
1826 3427 1991 3493 nube
2070 3427 2401 3494 cadentem
2419 3478 2433 3506 ‚
2507 3428 2693 3493 Helle

475 3535 874 3616 splendorem
919 3533 1074 3600 coeli
1105 3534 1447 3616 vespertini
1470 3532 1738 3599 nubibus
1767 3533 2088 3598 reflexum.
2175 3532 2271 3598 Ab
2300 3533 2485 3599 huius
2517 3533 2692 3598 cultu

475 3661 592 3724 per
633 3643 878 3724 Minyas
918 3643 983 3708 in
1027 3642 1240 3708 Asiam
1284 3648 1633 3724 propagato
1675 3641 2124 3722 Hellespontus
2156 3660 2382 3709 nomen
2424 3643 2692 3722 accepit.

476 3747 598 3815 Sed
643 3747 759 3814 sub
802 3766 880 3813 ea
929 3767 1081 3814 voce
1123 3748 1568 3815 vetustissimis
1625 3747 2016 3830 temporibus
2063 3765 2187 3813 non
2231 3747 2414 3815 modo
2454 3746 2694 3821 fretum

615 4018 673 4086 6)
708 4018 847 4074 conf.
887 4017 1138 4075 Mueller.
1178 4018 1338 4075 Orch.
1373 4034 1502 4090 pag.
1542 4019 1650 4075 269
1664 4038 1698 4088 3-
1746 4018 1996 4075 Stender.
2035 4020 2103 4074 de
2143 4019 2599 4089 Argonautarum
2621 4016 2694 4073 ad

473 4115 701 4171 Colchos
762 4130 935 4185 usque
990 4114 1342 4186 expeditione
1403 4115 1627 4171 fabulae
1684 4114 1919 4170 historia
1974 4108 2193 4181 critica,
2270 4110 2462 4170 Kiliae
2519 4111 2684 4180 18743

473 4226 605 4282 pag.
643 4211 730 4265 29.

618 4305 675 4376 7)
713 4303 856 4361 conl.
895 4304 1156 4374 Stephan.
1195 4305 1432 4374 Byzant.
1472 4320 1515 4360 s.
1553 4321 1608 4362 v.
1637 4294 1782 4360 'Alta

616 4405 673 4479 8>
715 4403 897 4460 Strab.
934 4402 1086 4472 XIV,
1127 4401 1178 4473 1,
1216 4401 1266 4457 8.
