3259 5042
1488 364 1901 431 -23-

638 531 643 537 ’
749 538 1029 620 Quorum
1067 540 1239 606 inter
1279 541 1742 608 vetustissimos
1786 542 2150 608 nominatur
2188 542 2645 610 Hecataeus
2689 543 2806 609 Mi-

583 647 797 728 lesius,
847 666 1036 731 quem
1080 647 1248 712 circa
1291 647 1534 730 Olymp.
1580 647 1753 713 LXV
1810 648 2084 730 viguisse
2142 648 2366 715 Suidas
2422 656 2644 715 auctor
2687 656 2804 716 est.

581 753 847 835 Scripsit
903 754 958 819 is
999 752 1403 835 genealogias
1461 771 1720 819 exorsus
1772 772 1811 819 a
1868 754 2249 819 Deucalione
2264 804 2279 833 ,
2346 756 2524 820 cuius
2567 755 2806 837 posteri

581 861 648 924 in
669 859 1000 925 Thessalia
1038 866 1311 941 regnant
1335 859 1408 943 ¹).
1492 861 1566 924 In
1605 861 1705 925 his
1748 867 1849 927 est
1870 860 2124 940 AeoluS‚
2174 867 2361 942 pater
2382 862 2803 941 AthamantiS,

581 985 706 1049 quo
747 973 1234 1034 commemorato
1272 964 1530 1032 ¹sortem
1582 968 1799 1033 Phrixi
1858 968 2207 1050 expositam
2267 987 2406 1033 esse
2471 968 2806 1033 manifesto

580 1079 850 1155 apparet
894 1072 1236 1138 scholiasta
1276 1073 1587 1154 Apollonii
1642 1079 1926 1140 testante
1970 1075 2361 1140 Hecataeum
2403 1075 2671 1141 arietem
2715 1075 2805 1140 lo-

589 1184 891 1260 quentem
934 1177 1186 1244 finxisse
1207 1177 1283 1262 ²).

659 1337 667 1344 .
754 1284 934 1350 Alter
976 1283 1398 1366 logographus
1441 1288 1584 1349 erat
1608 1284 1815 1349 Acus
1830 1283 1991 1350 ilau
2007 1304 2057 1366 s,
2101 1304 2288 1367 quem
2311 1285 2481 1352 inter
2510 1285 2604 1352 Ol.
2629 1285 2805 1350 LXX

583 1396 650 1454 et
694 1389 927 1455 LXXX
967 1389 1252 1456 floruisse
1297 1390 1366 1456 O.
1410 1390 1759 1456 Muellerus
1780 1391 1833 1472 ⁸)
1877 1409 1954 1456 ex
1987 1391 2248 1473 Josephi
2270 1393 2326 1476 ⁴)
2370 1397 2437 1458 et
2477 1391 2733 1457 Eusebii
2748 1392 2803 1475 5)

582 1496 793 1564 verbis
834 1498 1090 1579 colligit.
1175 1497 1300 1564 Sed
1340 1498 1449 1580 qui
1490 1504 1715 1580 postea
1743 1498 1879 1564 eius
1899 1498 2043 1564 libri
2064 1497 2454 1578 ferebantur,
2500 1498 2732 1564 Suidae
2749 1501 2804 1579 ὃ)

585 1605 786 1687 spurii
829 1623 969 1670 esse
1012 1604 1331 1671 videntur.

747 1730 1079 1796 Acusilaus
1119 1748 1366 1812 quoque
1419 1730 1936 1812 genealogiarum
1976 1729 2225 1795 initium
2278 1729 2433 1796 fecit
2474 1748 2513 1795 a
2554 1729 2801 1795 Deuca-

582 1837 764 1919 lione,
826 1837 1190 1903 Promethei
1235 1843 1303 1902 et
1351 1837 1661 1903 Hesiones
1717 1836 1843 1902 filio
1866 1839 1938 1918 ⁷).
2025 1836 2098 1901 In
2156 1837 2333 1902 cuius
2377 1835 2805 1902 enumeranda

581 1945 879 2028 progenie
922 1945 1030 2012 ubi
1071 1950 1331 2012 ventum
1374 1951 1474 2010 est
1516 1945 1597 2010 ad
1639 1946 2111 2025 Athamantem,
2152 1945 2368 2011 Phrixi
2421 1964 2668 2027 quoque
2712 1944 2804 2009 fa-

579 2052 792 2118 bulam
832 2058 1206 2135 persecutus
1263 2050 1495 2134 pellem
1553 2053 1772 2118 arietis
1826 2058 2083 2119 auctore
2141 2050 2460 2118 Simonide
2521 2069 2803 2133 purpura

581 2160 847 2225 tinctam
868 2163 940 2241 ⁸),
1011 2159 1206 2225 filiam
1247 2163 1463 2224 autem
1501 2164 1765 2237 Aeetae,
1837 2176 2000 2240 quae
2043 2157 2272 2223 Phrixo
2315 2163 2516 2239 nupta
2557 2158 2802 2238 Argum

579 2265 848 2347 peperit,
889 2265 1232 2331 Hesiodum
1273 2269 1531 2331 secutus
1572 2265 1614 2330 J
1613 2264 1950 2346 ophossam
1991 2263 2149 2330 dixit
2170 2266 2241 2347 ⁹).

596 2390 599 2397 ”
745 2388 1112 2472 Olympiade
1153 2389 1417 2455 LXXXI
1457 2408 1582 2454 sec.
1626 2387 1967 2454 Eusebium
2010 2388 2533 2472 Pherecydes
2575 2388 2799 2453 Lerius

576 2495 910 2562 historicus
968 2494 1446 2577 agnoscebatur.
1531 2496 1594 2560 Is
1653 2495 1846 2560 libros
1899 2495 2271 2577 conscripsit
2327 2494 2795 2577 mythologicoS,

575 2604 682 2684 qui
741 2603 923 2669 modo
981 2602 1319 2684 theogonia
1374 2601 1557 2667 modo
1616 2601 2026 2683 genealogiae
2077 2601 2263 2666 modo
2320 2601 2798 2667 Autochthones

574 2709 710 2774 sive
751 2708 1190 2791 archaeologia
1230 2709 1428 2775 attica
1458 2707 1643 2773 modo
1681 2708 1983 2775 historiae
2026 2708 2323 2774 dicuntur
2348 2710 2444 2786 ¹⁰).
2532 2707 2605 2771 In
2646 2725 2798 2788 quo-

575 2829 718 2876 rum
759 2817 938 2877 sexto
980 2810 1196 2876 fabula
1235 2810 1508 2876 Phrixea
1552 2816 1695 2876 erat
1737 2811 1970 2877 relata:

744 2935 959 3001 Phrixi
998 2953 1311 3017 novercas
1329 2936 1578 3001 nomine
1620 2936 1961 3016 Themisto,
2006 2935 2293 3017 frugibus
2331 2933 2796 3000 intereuntibus

579 3043 750 3109 ultro
791 3061 862 3108 se
909 3041 1085 3107 dedit
1127 3042 1530 3123 iugulandam
1553 3043 1654 3126 ¹¹).

730 3329 782 3400 1)
819 3329 877 3386 C.
916 3329 1168 3385 Mueller.
1204 3329 1277 3386 fr.
1315 3329 1444 3385 hist.
1500 3330 1595 3386 Gr.
1635 3330 1664 3384 I
1714 3330 1851 3385 Hec.
1900 3329 1973 3386 fr.
2011 3330 2120 3385 334
2169 3330 2362 3399 (schol.
2400 3331 2579 3400 Apoll.
2618 3331 2794 3386 Rhod.

580 3423 681 3493 IV,
719 3424 870 3492 266).

721 3521 778 3588 2)
820 3521 892 3575 ad
925 3520 973 3590 I,
1012 3521 1117 3575 256
1156 3519 1247 3590 (fr.
1286 3521 1433 3589 337).

721 3617 781 3682 3)
817 3616 1040 3686 Fragm.
1080 3616 1210 3671 hist.
1248 3616 1344 3670 Gr.
1381 3615 1412 3669 I
1449 3631 1581 3686 pag.
1621 3614 1878 3670 XXXVI.

721 3712 779 3781 4)
820 3716 1016 3767 contra
1051 3711 1247 3780 Apion.
1286 3710 1317 3764 I
1353 3727 1482 3780 pag.
1524 3711 1681 3765 1034.

723 3807 778 3878 5)
815 3808 1012 3876 Praep.
1050 3822 1251 3876 evang.
1288 3806 1355 3875 X,
1395 3808 1425 3861 7
1465 3823 1516 3876 p.
1554 3806 1663 3862 478
1697 3814 1818 3862 ΑΒ.

724 3905 780 3968 6)
819 3919 862 3958 8.
900 3918 955 3958 V.
989 3896 1288 3963 Ἑκαταῖος
1324 3902 1617 3972 Μιλήσιος,
1652 3897 1985 3975 Ἰστορῖσαι,
2022 3900 2367 3978 Συγγράφω.

726 3999 780 4071 7)
819 3998 986 4054 schol.
1024 3997 1084 4052 in
1119 3998 1280 4053 Hom.
1319 3997 1418 4052 Od.
1457 3998 1526 4065 X,
1564 3999 1599 4052 2
1639 3999 1729 4065 (fr.
1772 3999 1841 4068 7).

725 4096 782 4164 8)
818 4093 984 4149 schol.
1022 4092 1203 4167 Apoll.
1241 4093 1420 4150 Rhod.
1455 4093 1552 4161 IV,
1595 4092 1734 4149 1147
1772 4093 1863 4164 (fr.
1900 4094 1976 4161 9).

724 4190 780 4258 9)
820 4189 985 4244 schol.
1023 4189 1203 4258 Apoll.
1240 4189 1415 4244 Rhod.
1453 4189 1526 4258 11,
1568 4189 1707 4243 1122
1744 4188 1834 4257 (fr.
1873 4190 1952 4258 8).

731 4285 817 4352 10)
857 4284 914 4339 O.
951 4285 1202 4341 Mueller.
1238 4283 1404 4355 frgm.
1443 4283 1573 4340 hist.
1611 4286 1710 4341 Gr.
1754 4300 1884 4356 pag.
1923 4284 2179 4340 XXXVI.

726 4379 817 4455 11)
855 4380 1020 4435 schol.
1059 4381 1215 4436 Pind.
1258 4380 1420 4449 Pyth.
1460 4380 1558 4449 IV,
1597 4378 1705 4435 288
1740 4380 1831 4448 (fr.
1873 4381 1983 4448 52).
