3259 5042
795 520 1068 587 Restant
1083 572 1098 601 ‚
1180 519 1236 587 si
1276 519 1675 600 eiecerimuS,
1742 539 1903 602 quae
1944 519 2222 586 Eudocia
2263 538 2403 602 pag.
2447 523 2532 585 25
2573 518 2846 602 rettulit,

628 627 775 708 quia
844 632 1200 708 congruunt
1261 646 1403 693 cum
1469 627 1655 692 Mich.
1714 627 2020 709 Apostolii
2092 627 2319 708 verbis,
2391 627 2618 694 deinde
2683 647 2847 711 quae

629 731 847 799 eadem
893 750 1032 815 pag.
1084 736 1201 798 146
1241 733 1523 812 tradidit,
1570 733 1737 814 quod
1779 733 1858 798 ad
1902 733 2160 799 verbum
2207 753 2284 798 ex
2329 734 2640 815 Apollonii
2681 735 2847 800 Rho-

627 837 714 904 dii
755 845 1131 920 argumento
1171 838 1546 922 deprompta
1602 845 1783 918 sunt,
1863 846 2001 905 tum
2058 858 2220 922 quae
2274 859 2417 922 pag.
2460 844 2584 906 419
2619 852 2706 906 'ex
2747 841 2849 906 his

628 944 872 1011 duabus
912 944 1164 1011 fabulae
1207 945 1424 1010 formis
1467 945 1730 1024 consuit,
1789 964 1898 1010 sex
1941 940 2341 1012 narrationes
2382 947 2647 1024 solutae,
2690 964 2847 1028 quas

628 1071 772 1118 cum
813 1049 1109 1117 uberiora
1148 1051 1703 1132 comprehendant,
1769 1057 1844 1118 ut
1885 1051 2132 1118 facilius
2173 1054 2343 1118 inter
2384 1072 2454 1119 se
2497 1053 2848 1134 comparari

625 1159 887 1240 possint,
942 1157 1244 1225 columnis
1288 1159 1596 1224 continuis
1640 1157 1988 1224 scribamus
2017 1159 2118 1243 ⁴³).

791 1283 1164 1350 Accurat-ius
1226 1283 1503 1349 intuenti
1566 1302 1671 1349 res
1738 1303 1813 1349 eo
1875 1284 1956 1349 ad
2015 1283 2317 1350 maiorem
2376 1283 2846 1366 simplicitatem

635 1390 820 1458 redit.
2755 1442 2760 1443 ν

790 1495 1135 1562 Tzetzes
1156 1496 1236 1579 4⁴)
1279 1496 1731 1562 Athamantem
1753 1495 2037 1561 Thebis
2078 1501 2453 1577 regnantem
2482 1503 2675 1579 atque
2704 1499 2844 1563 Ino-

628 1619 774 1667 nem
816 1601 1063 1683 ipsam
1105 1602 1346 1668 semina
1373 1606 1725 1667 torrentem
1755 1622 1790 1666 e
1827 1601 2317 1683 Philostephano
2345 1602 2573 1684 hausit,
2623 1609 2845 1670 vates

628 1728 706 1774 ex
747 1713 1121 1790 argumento
1163 1709 1476 1790 Apollonii
1531 1708 1776 1775 Rhodii.
1865 1709 2123 1805 Minoris
2166 1711 2466 1775 momenti
2508 1715 2610 1775 est
2647 1711 2713 1774 in
2754 1711 2847 1776 in-

627 1821 801 1882 certo
844 1816 1143 1898 relinqui,
1207 1820 1422 1881 utrum
1467 1815 1812 1881 Phrixus
1854 1835 1936 1880 an
1979 1816 2209 1881 Helle
2252 1815 2388 1881 deis
2429 1816 2847 1882 immolandus

625 1923 726 1989 sit.
814 1921 1027 1991 Verba
1071 1921 1209 2007 „639
1251 1923 1326 1989 τὰ
1372 1919 1814 2006 ὑποκείμενον
1856 1930 2270 1989 καταπεσεῖν
2300 1925 2632 2006 naham&
2678 1922 2845 2005 apud

630 2028 1216 2111 Philostephanum,
1292 2025 1681 2115 ηᾶποπνιγῆ
1692 2030 1843 2095 vast
1910 2030 2075 2112 apud
2138 2029 2533 2112 Apostolium
2596 2048 2845 2111 quoque

624 2137 940 2217 leguntur.
1023 2135 1293 2219 Reliqua
1333 2137 1598 2202 Tzetzes
1646 2136 2025 2219 Apollodoro
2066 2135 2286 2218 debet,
2345 2156 2486 2202 cum
2527 2135 2844 2202 interdum

623 2241 727 2307 vel
773 2241 1011 2307 eisdem
1052 2241 1370 2308 vocabulis
1418 2247 1662 2308 utatur.

791 2349 875 2415 Et
901 2349 1037 2430 ipse
1065 2350 1162 2414 Ze
1179 2347 1460 2414 nobius
1482 2350 1563 2431 4⁵)
1609 2348 1836 2414 similia
1856 2347 2066 2430 prodit
2095 2354 2288 2430 atque
2312 2349 2722 2430 Apollodorus
2741 2351 2839 2432 46).

626 2454 1021 2536 Quamquam
1064 2474 1141 2519 ex
1185 2454 1495 2536 Apollonii
1549 2453 1777 2519 Rhodii
1818 2448 2190 2536 argumento
2230 2456 2343 2520 Ino
2386 2457 2674 2537 nupsisse
2717 2454 2840 2519 Ne-

622 2560 808 2642 phele
851 2566 1186 2642 mortua,
1229 2560 1472 2642 ApolIO,
1511 2568 1585 2626 ut
1627 2559 1851 2626 ambo
1879 2560 2064 2626 liberi
2085 2567 2540 2640 mactarentur,
2584 2579 2843 2642 respon-

625 2664 794 2731 disse
860 2673 1178 2732 narratur.
1261 2666 1483 2749 Neque
1529 2665 1762 2732 Aeolus
1823 2673 1936 2732 aut
1996 2666 2204 2731 Inonis
2277 2666 2388 2731 filii
2451 2672 2564 2732 aut
2625 2665 2844 2730 arietis

624 2771 998 2838 sacrificium
1016 2768 1023 2775 ’
1040 2782 1153 2840 aut
1193 2774 1408 2839 Phrixi
1460 2773 1927 2838 matrimonium
1980 2773 2298 2856 stirpsque
2354 2791 2843 2839 commemoran-

628 2883 753 2945 tur.
837 2880 996 2945 Deo
1014 2898 1045 2945 s
1088 2899 1237 2945 vero
1264 2879 1497 2946 'liberis
1540 2880 1812 2945 salutem
1866 2879 2060 2944 affere
2115 2880 2315 2946 tradit
2371 2899 2444 2946 eo
2464 2932 2478 2961 ,
2545 2878 2711 2963 quod
2751 2879 2844 2943 in-

626 2993 845 3068 eptum
887 2985 1131 3067 fuisset,
1177 2986 1536 3069 Nephelen,
1600 3005 1791 3068 quam
1831 2987 2021 3068 paulo
2070 3006 2262 3068 supra
2303 2993 2571 3052 mortem
2614 2985 2841 3053 obiisse

626 3091 892 3173 dixerat,
936 3092 1140 3160 denuo
1183 3094 1501 3159 viventem
1540 3091 1857 3160 inducere.

791 3197 1587 3282 Philostephanus47)
1648 3198 1812 3280 quod
1866 3198 2046 3263 initio
2089 3198 2167 3263 de
2216 3198 2496 3281 Nephele
2541 3205 2608 3264 et
2648 3199 2842 3264 Inone

625 3307 854 3371 mirum
898 3325 971 3372 ac
1014 3308 1331 3387 singulare
1372 3305 1595 3386 refert,
1644 3305 1794 3387 quin
1824 3323 1901 3370 ex
1925 3305 2244 3387 Euripidis
2288 3306 2633 3388 tragoedia,
2678 3324 2842 3388 quae

623 3412 1086 3479 inscribebatur
1182 3414 1295 3478 Ino
1311 3465 1326 3493 ,
1421 3418 1748 3478 mutuatus
1832 3412 1947 3492 sit,
2049 3413 2103 3478 si
2187 3412 2528 3478 contuleris
2611 3412 2842 3494 Hygini

623 3519 898 3586 fabulam
968 3519 1090 3601 IV,
1178 3521 1281 3585 vix
1357 3518 1691 3586 dubitabis
1814 3520 1989 3599 Quae
2074 3521 2370 3585 continuo
2454 3526 2840 3601 sequuntur,

629 3627 749 3692 nisi
837 3632 1195 3692 statuamus
1250 3618 1253 3620 ’
1289 3628 1559 3692 multum
1657 3628 1969 3692 interesse
1986 3678 2002 3707 ,
2122 3632 2339 3691 utrum
2434 3626 2674 3691 semina
2768 3625 2846 3690 ab

625 3733 818 3800 Inone
901 3735 1076 3815 ipsa
1157 3752 1237 3799 an
1305 3734 1438 3800 eius
1514 3733 1692 3798 iussu
1760 3753 1799 3798 a
1882 3732 2371 3800 mulieribus
2453 3738 2839 3811 torreantur,

766 3900 858 3970 43)
897 3902 1026 3959 vide
1064 3903 1315 3959 tabulam
1352 3901 1671 3958 adiunctam
1708 3903 1738 3957 I
1777 3906 1928 3972 (pag.
1969 3902 2077 3969 34).

765 3996 858 4065 44)
897 3999 1068 4055 schol.
1107 3999 1180 4053 ad
1215 3998 1485 4068 Lycophr.
1525 3997 1595 4051 22
1635 3999 1718 4052 ed.
1759 3999 1822 4052 G.
1861 3998 2112 4052 Mueller.

766 4092 858 4157 45)
899 4092 1394 4162 Paroemiographi
1432 4092 1634 4148 Graeci
1673 4109 1779 4147 von
1816 4093 2061 4147 Leutsch
2098 4109 2150 4147 u.
2180 4093 2573 4161 Schneidewin,
2612 4109 2741 4162 pag.
2770 4092 2842 4146 94

626 4206 703 4257 sq.
748 4189 929 4257 (Ceut.
968 4188 1066 4257 IV,
1104 4188 1213 4253 38).

766 4283 860 4352 46)
898 4283 945 4352 1,
984 4284 1039 4353 9,
1085 4285 1133 4340 1.

768 4378 860 4449 47)
901 4379 1067 4436 schol.
1106 4372 1164 4432 1⁰11
1202 4378 1359 4434 Hom.
1399 4378 1464 4436 Il.
1502 4378 1632 4449 VII,
1674 4378 1761 4435 86.
