3259 5042
1463 362 1882 433 ...50-

571 544 925 613 Learchum
947 544 1023 629 ⁸).
1065 543 1316 614 Insidiis
1334 558 1607 612 noverca
1634 541 1844 609 effecit
1866 539 1942 626 ⁷),
1982 545 2057 608 ut
2076 539 2384 608 Athamas
2411 535 2711 604 Phrixum
2725 533 2780 618 ⁸)

575 657 644 719 et
682 653 912 719 Hellen
935 654 988 737 ⁹)
1030 652 1111 719 ad
1152 670 1329 718 aram
1357 650 1501 717 duci
1521 649 1772 717 iuberet
1806 646 2262 716 sacrificandos.
2349 644 2474 713 Sed
2494 643 2781 726 Nephele

573 760 744 827 natis
805 760 1072 826 arietem
1135 759 1309 825 misit
1328 760 1408 842 ¹⁰)
1476 774 1672 824 aureo
1743 755 1982 822 vellere
2044 754 2344 823 vestitum
2366 754 2466 836 ¹1),
2529 750 2596 817 in
2658 769 2782 837 quo

576 865 872 933 sedentes
958 862 1341 946 aufugerunt
1365 865 1465 946 1²).
1550 863 1811 947 Septem
1876 860 2098 930 diebus
2182 858 2569 942 totidemque
2638 875 2781 924 noc-

572 969 740 1038 tibus
781 978 1211 1053 pervenerunt
1252 969 1332 1036 ad
1377 969 1615 1036 fretum
1630 1020 1648 1050 ‚
1718 986 1840 1053 quo
1892 967 2151 1051 Abydus
2204 966 2548 1049 Sestusque
2605 962 2782 1030 disti-

573 1083 808 1146 nentur
829 1077 932 1163 18).
1016 1075 1111 1173 Ibi
1153 1077 1339 1144 Helle
1381 1078 1449 1143 in
1488 1095 1667 1144 mare
1705 1075 1965 1159 delapsa
1988 1076 2067 1160 ¹4)
2084 1127 2101 1157 ,
2171 1075 2272 1142 cui
2314 1071 2396 1140 ab
2438 1091 2516 1139 ea
2554 1089 2780 1140 nomen

716 1326 773 1397 6)
809 1329 858 1398 Ι,
894 1328 1030 1388 28οε
1447 1329 1583 1386 Ιιιοο
1616 1328 1872 1398 linquens
1905 1328 2253 1386 Athamanta
2286 1327 2550 1384 Learcho.

720 1423 775 1494 7)
808 1423 858 1490 Ι,
892 1422 1027 1479 287;
1239 1423 1347 1479 heu
1384 1440 1588 1481 saevae
1622 1423 1992 1493 nequidquam
2031 1429 2227 1493 erepta
2261 1425 2556 1480 novercae!

809 1519 857 1589 1,
896 1517 1032 1574 521:
1245 1519 1412 1575 Inoas
1448 1519 1598 1575 ultor
1633 1534 1737 1575 nee
1772 1517 1928 1575 venit
1962 1517 2033 1574 ad
2071 1533 2214 1573 aras.

809 1614 878 1681 V,
918 1614 1049 1669 1892
1472 1629 1674 1671 saevae
1708 1611 2001 1670 formidine
2035 1618 2251 1669 moesta
2285 1629 2574 1670 novercae.

717 1709 775 1780 8)
813 1710 857 1779 1,
895 1708 997 1764 41:
1902 1709 2079 1765 nostri
2115 1710 2183 1765 de
2220 1706 2494 1780 sanguine
2529 1708 2784 1778 Phryxus

995 1804 1258 1860 Cretheos
1293 1809 1361 1861 ut
1394 1803 1611 1873 patrias
1649 1803 1860 1862 audisti
1895 1803 2158 1874 effugerit
2194 1819 2323 1859 aras
2491 1839 2643 1895 conf.

807 1898 855 1968 1,
894 1899 1030 1954 278:
1175 1901 1243 1953 ιιι
1281 1898 1511 1954 steterit
1545 1899 1838 1955 redimitus
1876 1904 2125 1969 tempora
2160 1897 2321 1955 vittis
2434 1937 2518 1994 ov
2577 1937 2695 1994 fast

997 1993 1249 2063 Phryxus
1286 1998 1347 2050 et
1371 1993 1611 2050 iniustas
1632 1998 1919 2050 contectus
1938 1993 2175 2050 nubibus
2194 2008 2322 2049 aras
2363 2029 2471 2101 HI,
2520 1977 2627 2088 ‘361
2670 1978 2783 2102 saq-

994 2087 1225 2159 fugerit.

720 2183 775 2253 9)
812 2183 942 2249 VII,
981 2182 1081 2239 5⁷:
1119 2188 1222 2239 aut
1257 2199 1363 2254 ego
1400 2200 1523 2242 cum
1559 2182 1723 2241 vittis
1760 2183 1940 2241 statui
1975 2183 2243 2242 feralibus
2277 2185 2478 2242 Hellen
2493 2187 2521 2239 ¹?

685 2277 782 2343 10)
817 2277 865 2347 I,
903 2278 999 2333 56:
1635 2277 1851 2349 pecoris
1887 2280 2192 2350 Nephelaei
2227 2279 2451 2337 vellera.

684 2371 774 2440 11)
810 2373 857 2442 l,
897 2372 1031 2428 281:
1071 2388 1286 2434 aureus.
1311 2377 1378 2429 ut
1422 2373 1677 2431 iuvenem
1712 2373 2105 2431 miserantibus
2140 2372 2336 2432 intulit
2372 2374 2535 2431 undis

1068 2474 1277 2538 vector,
1315 2474 1374 2524 et
1412 2468 1664 2525 astrictis
1700 2474 1767 2526 ut
1810 2468 1957 2526 sedit
1995 2469 2248 2527 cornibus
2268 2469 2449 2526 Helle.

806 2564 854 2634 1,
891 2564 1029 2621 346:
1595 2567 1849 2624 humeros
1885 2567 2171 2624 ardentem
2207 2567 2430 2624 vellete.

810 2660 877 2729 V,
916 2660 1049 2729 201;
1083 2660 1192 2716 434
1229 2677 1336 2731 sq.=
1375 2677 1547 2719 aurea
1583 2662 1810 2719 vellera.

807 2756 876 2826 V,
912 2755 1049 2813 491:
1381 2764 1618 2816 auratae
1654 2758 1899 2830 pecudis.

806 2850 875 2921 V,
913 2852 1049 2923 554;
1086 2853 1247 2924 VIII,
1284 2854 1390 2924 423
1429 2856 1532 2910 131
1569 2872 1679 2926 sq.:
1718 2871 1891 2913 aurea
1926 2860 2109 2928 terga.

807 2948 938 3018 VII,
974 2949 1048 3004 30
1084 2965 1196 3018 sq.=
1373 2967 1546 3008 aurea
1580 2950 1761 3022 pellis.

807 3044 936 3112 VH,
974 3042 1073 3099 54:
1112 3044 1328 3101 scilicet
1363 3045 1596 3103 Aeoliae
1632 3047 1860 3118 pecudis
1895 3054 2183 3118 poteretur
2217 3055 2285 3105 ut
2322 3064 2475 3106 auro.

806 3137 969 3207 VIII,
1010 3139 1104 3194 79:
1143 3138 1240 3196 ille
1276 3139 1428 3196 haud
1463 3140 1655 3197 Aeolio
1693 3140 1975 3198 discedere
2011 3141 2191 3198 fessus
2227 3143 2297 3200 ab
2334 3159 2488 3200 auro.

807 3233 968 3298 VIII.
1012 3234 1143 3290 122:
2178 3237 2434 3307 villisque
2472 3243 2781 3295 comantem

1172 3326 1400 3386 sidereis
1436 3335 1584 3386 totos
1619 3330 1820 3401 pellem
1856 3346 1998 3389 nunc
2035 3331 2223 3388 fundit
2257 3331 2317 3388 in
2354 3338 2527 3388 artus.

805 3422 965 3493 VIII,
1002 3423 1136 3481 2582
1172 3423 1337 3493 inque
1373 3423 1462 3481 sui
1498 3430 1827 3483 sternuntur
1861 3426 2084 3483 velleris
2120 3442 2273 3484 auro.

681 3536 777 3606 12)
811 3536 859 3606 1,
897 3537 1035 3594 327:
2147 3522 2158 3531 ‘
2300 3539 2530 3597 Colchos

1066 3633 1211 3688 unde
1248 3648 1352 3704 ego
1391 3639 1452 3690 et
1488 3634 1676 3690 avecti
1712 3633 2019 3691 timuissem
2069 3636 2279 3693 vellera
2313 3635 2523 3706 Phryxi
2540 3638 2569 3691 P

818 3726 866 3794 Ι,
905 3726 1036 3782 52οε
1086 3750 1090 3755 ·
1573 3729 1809 3811 profugo
1861 3729 1993 3801 quin
2030 3730 2257 3802 agmina
2293 3730 2528 3802 iungere
2563 3730 2781 3802 Phryxo

1062 3822 1273 3879 abnuit.

817 3917 916 3987 IV,
954 3917 1086 3974 556:
1160 3917 1290 3977 dum
1325 3919 1550 3990 profugi
1586 3937 1696 3977 non
1732 3927 1926 3991 sperat
1960 3921 2169 3978 vellera
2207 3921 2430 3993 Phryxi.

684 4010 774 4077 13)
810 4011 858 4081 1,
895 4012 1033 4069 283:
1071 4017 1285 4083 septem
1331 4012 1549 4070 Aurora
1586 4015 1725 4085 viae,
1765 4015 2106 4088 totidemque
2152 4022 2456 4087 peregerat
2491 4016 2712 4074 umbras

1064 4107 1225 4163 Luna
1262 4109 1412 4180 polo;
1451 4107 1743 4178 dirimique
1777 4110 1968 4180 procul
2005 4126 2114 4166 non
2150 4126 2389 4181 aequore
2424 4112 2548 4169 visa

1064 4209 1326 4272 coeperat
1361 4220 1397 4260 a
1432 4203 1657 4274 gemina
1693 4202 1973 4260 discedere
2010 4205 2196 4261 Sestos
2233 4204 2444 4276 Abydo.

678 4294 769 4363 14)
805 4296 853 4365 Ι,
890 4295 1031 4353 286.-
1066 4295 1159 4353 hic
1195 4313 1349 4354 soror
1383 4298 1671 4369 Aeoliden,
1710 4313 1910 4356 aevum
1928 4315 2189 4357 mansura
2226 4316 2326 4371 per
2362 4317 2538 4374 omne,

1063 4393 1289 4453 deserit.
