3259 5042
1404 366 1771 435 -7-

651 545 769 612 His
809 549 890 613 de
934 548 1140 615 causis
1179 548 1396 614 fabula
1435 549 1529 615 ita
1570 550 1958 631 explicatur:

655 653 837 721 Crius
881 664 1022 722 erat
1066 657 1467 723 Athamantis
1511 657 1818 737 minister,
1883 659 1992 740 qui
2033 659 2334 726 Phrixum
2379 660 2461 725 de
2503 659 2706 742 patris

491 760 745 825 consilio
787 762 1139 828 certiorem·
1186 762 1355 828 fecit.
1444 762 1712 828 Phrixus
1782 763 1979 844 igitur
2048 783 2276 831 navem
2343 765 2707 833 conscendit

489 864 708 946 opibus
730 868 784 948 ⁷)
836 868 1147 949 impositis
1206 869 1450 949 magnis
1514 887 1836 951 aureaque
1887 874 2105 936 statua
2120 921 2136 949 ,
2210 889 2398 953 quam
2457 870 2708 953 Pelopis

493 977 699 1038 mater
747 973 995 1040 nomine
1053 973 1173 1040 Cos
1194 974 1246 1057 ⁸)
1306 973 1660 1039 faciendam
1719 980 2072 1041 curaverat.
2158 975 2343 1042 Helle
2396 977 2591 1059 periit
2640 976 2708 1042 in

490 1077 749 1158 itinere3
823 1080 1022 1144 ceteri
1063 1098 1213 1147 vero
1255 1099 1397 1145 cum
1439 1080 1520 1147 ad
1563 1080 1797 1146 Phasin
1839 1072 2297 1163 pervenissent,
2367 1081 2583 1149 sedem
2624 1081 2709 1148 ibi

490 1192 565 1248 ac'
604 1183 983 1251 domicilium
1026 1186 1511 1266 constituerunt,
1556 1191 1626 1251 et
1664 1185 1895 1251 Phrixo
1932 1185 2184 1268 quidem
2227 1194 2494 1269 nuptam
2534 1186 2712 1254 dedit

490 1291 724 1357 Aeetes
766 1290 957 1356 filiam
1003 1291 1400 1375 Chalciopem
1444 1298 1725 1359 statuam
1766 1292 1940 1358 illam
1981 1293 2228 1360 muneri
2268 1292 2558 1376 adeptus.

658 1399 701 1463 J
700 1417 805 1463 am
846 1397 926 1464 de
969 1399 1265 1481 Harpyiis
1305 1397 1474 1465 idem
1517 1400 1607 1465 sic
1651 1398 2009 1466 alucinatur
2038 1403 2122 1481 ⁹):

657 1504 951 1584 PhineuS,
1018 1503 1326 1570 Paeoniae
1390 1524 1521 1585 rex,
1585 1505 1800 1572 oculos
1870 1510 2220 1587 senectute,
2284 1512 2488 1573 morte
2551 1505 2712 1573 filios

492 1608 812 1676 amiserat.
898 1610 1034 1688 Quo
1077 1617 1285 1691 natae,
1330 1611 1555 1676 Erasia
1589 1617 1659 1677 et
1685 1611 2021 1694 Harpyria,
2065 1631 2209 1677 cum
2249 1612 2485 1677 victum
2511 1612 2715 1694 patris

493 1715 854 1798 perderent,
922 1717 1113 1784 Zetes
1132 1716 1212 1800 1⁰)
1280 1717 1634 1799 Calaisque,
1704 1716 1817 1782 filii
1880 1718 2142 1797 Boreae,
2213 1717 2480 1784 hominis
2542 1716 2715 1783 haud

492 1821 799 1903 ignobilis,
871 1839 1026 1904 quos
1079 1822 1250 1904 regis
1311 1823 1497 1888 vicini
1552 1824 1907 1904 misereret,
1978 1823 2225 1891 filiabus
2283 1823 2560 1906 expulsis
2618 1823 2717 1889 rei

494 1927 789 1994 familiari
831 1948 1024 1994 unum
1069 1947 1104 1993 e
1150 1929 1497 1995 Thracibus
1539 1929 2007 2011 praefecerunt.

662 2033 951 2101 Medeam
993 2034 1266 2118 denique
1308 2042 1383 2100 ut
1420 2036 1687 2102 recoctis
1731 2036 1984 2102 senibus
2026 2035 2331 2101 iuveniles
2352 2052 2551 2101 annos
2570 2034 2715 2101 red·

496 2140 754 2206 dentem
797 2140 1113 2208 veneficae
1155 2140 1415 2207 infamia
1456 2141 1706 2223 liberet,
1750 2143 2020 2224 primam
2061 2141 2375 2207 invenisse
2420 2141 2721 2223 opinatur

498 2255 565 2314 et
608 2248 932 2315 sudatoria
967 2248 1274 2316 debilibus
1317 2249 1597 2317 salubria
1642 2257 1709 2316 et
1750 2250 2012 2317 herbam
2052 2268 2240 2316 canos
2276 2250 2484 2317 crines
2503 2249 2717 2331 nigros

498 2354 870 2422 efficientem
895 2359 997 2438 11).

659 2461 925 2544 Propius
968 2462 1160 2527 etiam
1213 2462 1293 2527 ad
1335 2462 1616 2545 Dionysii
1657 2461 2027 2544 Mytilenaei
2081 2460 2468 2528 sententiam
2506 2479 2718 2528 acces-

495 2568 581 2635 sit
621 2568 1106 2635 Heraclitus
1157 2573 1317 2652 περὶ
1357 2564 1699 2635 ἆπιστῶνε

564 2658 575 2668 ”
662 2673 849 2740 Helle
893 2680 961 2741 et
989 2674 1237 2756 Phrixo,
1283 2674 1662 2757 quibusIno
1703 2693 1974 2742 noverca
2013 2673 2440 2756 insidiaretur,
2486 2673 2721 2756 paeda-

496 2800 694 2863 gogus
759 2780 1008 2846 nomine
1052 2779 1235 2846 Crius
1297 2781 1360 2845 in
1422 2780 1775 2846 naviculam
1824 2780 2132 2862 impositis
2189 2780 2454 2862 aufugit.
2532 2779 2721 2847 Helle

499 2886 736 2954 decidit
790 2888 857 2953 in
899 2887 1131 2953 fretum
1173 2887 1590 2970 Hellesponti.
1680 2885 1948 2952 Phrixus
2004 2893 2219 2953 autem
2262 2891 2557 2953 servatus
2600 2893 2719 2953 est.

501 2994 654 3061 Eius
722 3013 938 3060 amore
1008 2994 1301 3060 incensus
1367 2995 1602 3060 Aeetes
1667 2993 1881 3059 Crium
1942 2992 2318 3059 officientem
2380 2994 2722 3060 excoriavit

502 3101 881 3183 pellemque,
926 3118 1089 3183 quae
1134 3106 1396 3182 propter
1418 3100 1604 3166 fidem
1629 3099 1848 3167 famuli
1869 3118 2064 3166 aurea
2102 3097 2224 3165 dici
2265 3099 2489 3181 fertur,
2527 3100 2725 3181 paxil-

501 3206 577 3273 lis
619 3205 817 3272 affixit
839 3208 938 3290 ΗΖ).

645 3395 698 3464 7)
737 3394 886 3461 Quas
951 3394 1246 3463 Lampsaci
1307 3392 1624 3464 deposuisse
1698 3392 1904 3449 dicitur
1958 3393 2017 3448 in
2085 3391 2252 3448 schol.
2307 3391 2489 3461 Apoll.
2547 3391 2725 3465 Rhod,

501 3488 545 3557 I,
582 3489 706 3543 933.

644 3583 700 3649 8)
730 3581 853 3638 'Eos
890 3598 999 3638 sec.
1038 3582 1207 3641 Mich.
1250 3582 1501 3651 Apostol.
1554 3581 1714 3650 XIII,
1770 3579 1841 3634 46
1899 3580 1964 3635 Ρ.
2013 3580 2134 3650 (ΧΙ,
2173 3580 2245 3636 58
2282 3580 2371 3649 L.)
2421 3585 2480 3635 et
2517 3578 2724 3634 Eudoc.

507 3677 799 3733 CCCXLII
842 3681 918 3747 (p.
957 3677 1101 3746 146),
1141 3676 1237 3745 qui
1273 3675 1679 3745 Palaephatum
1718 3673 2146 3744 exscripserunt.

645 3773 702 3841 9)
741 3773 1006 3842 Palaeph.
1047 3788 1166 3841 cap.
1203 3771 1401 3826 XXIII
1445 3770 1504 3825 in
1541 3770 1842 3825 Westerm.
1893 3774 2151 3842 Μυθογρ.
2201 3785 2253 3838 p.
2292 3769 2413 3824 268.
2456 3788 2522 3816 =
2559 3767 2726 3824 Mich.

441 3908 446 3913 .
505 3867 755 3935 Apostol.
792 3866 951 3921 Ceut.
989 3865 1144 3930 XXI,
1180 3865 1252 3919 25
1290 3866 1336 3919 P
1374 3862 1612 3933 (XVIII,
1653 3862 1769 3932 68);
1812 3862 1881 3917 cf.
1926 3862 2067 3918 Eud.
2106 3859 2434 3917 DCCGCXL
2473 3862 2548 3931 (p.
2585 3860 2727 3929 416),

505 3959 700 4016 Tzetz.
739 3960 876 4016 Chil.
917 3960 963 4030 I,
1004 3961 1110 4015 215
1147 3975 1265 4028 sqq.

650 4057 739 4121 10)
779 4056 1174 4126 Palaephatus,
1215 4054 1310 4122 qui
1345 4054 1558 4109 Boreae
1597 4069 1722 4107 cum
1757 4051 1794 4107 J
1796 4051 1916 4107 ovis
1935 4050 2311 4121 Antiopesque
2350 4050 2464 4107 filio
2503 4049 2731 4107 confuu-

507 4151 683 4220 deret,
721 4150 946 4220 scripsit
983 4150 1265 4220 ,,Ζῆθος“.

653 4249 742 4314 11)
781 4245 1046 4314 Palaeph.
1086 4261 1206 4315 cap.
1246 4243 1451 4299 XLIV.
1490 4243 1784 4298 Westerm.
1825 4246 2083 4315 Μυθογρ.
2120 4257 2172 4310 p.
2212 4240 2337 4295 306.

652 4342 743 4411 12)
782 4341 1008 4399 Heracl.
1048 4355 1167 4408 cap.
1207 4339 1413 4394 XXIV.
1454 4338 1752 4393 Westerm.
1794 4340 2051 4410 Μυθογρ.
2089 4352 2143 4405 p.
2179 4335 2287 4389 313
2332 4350 2445 4403 sqq.
