3259 5042
1374 350 1793 413 -17-

459 529 748 609 Gatalogi
789 527 993 593 tribus
1033 524 1213 592 libris
1256 526 1453 592 totius
1496 525 1806 592 Graeciae
1859 525 2122 592 heroum
2164 526 2398 607 stirpes
2451 544 2680 609 resque

460 635 783 718 expositae
836 639 1039 715 erant,
1111 634 1423 699 Eoearum
1469 652 1619 699 vero
1661 639 1885 699 auctor
1925 631 2365 715 acquiescebat
2393 622 2469 697 ‘in
2514 634 2679 698 cele-

456 742 700 810 branda
735 741 916 824 prole
958 742 1293 807 mulierum
1336 741 1699 807 mortalium
1716 792 1731 821 ,
1805 759 1969 823 quae
2028 760 2169 806 cum
2213 740 2348 806 deis
2389 760 2524 805 rem
2567 740 2679 805 ha-

460 850 668 916 buisse
732 847 1119 913 ferebantur.
1208 847 1385 925 Quae
1445 847 1724 913 carmina
1788 846 1910 913 etsi
1966 847 2196 912 diversi
2254 853 2483 928 poetae
2536 866 2679 912 con-

453 957 873 1038 scripserant,
918 959 1181 1036 propter
1233 953 1591 1035 argumenti
1630 953 2102 1020 similitudinem
2146 958 2369 1036 postea
2406 954 2501 1019 ita
2534 973 2679 1019 con-

449 1065 668 1129 iuncta
710 1066 892 1141 sunt,
961 1065 1034 1125 ut
1076 1061 1286 1125 Eoeae
1343 1060 1626 1141 Catalogi
1667 1059 1897 1125 librum
1942 1064 2239 1142 quartum
2280 1065 2346 1124 et
2389 1059 2677 1141 quintum

454 1168 779 1236 efficerent
803 1167 876 1248 5).
964 1167 1194 1232 Editae
1266 1173 1416 1232 sunt
1432 1219 1447 1246 ,
1522 1172 1594 1232 ut
1653 1165 2235 1232 Marckscheffelius
2260 1167 2310 1243 6)
2376 1166 2672 1246 ostendit,

452 1293 641 1358 quem
681 1277 942 1339 secutus
983 1278 1084 1338 est
1125 1271 1546 1338 Kirchhoffius
1568 1274 1638 1351 ⁷),
1704 1277 1865 1352 post.
1933 1272 2027 1337 Ol.
2080 1271 2380 1337 XXXVII
2443 1273 2671 1351 Eoeae,

453 1379 682 1463 quibus
746 1379 1179 1445 contineretur
1241 1377 1555 1461 nymphae
1618 1381 1897 1460 Cyrenes
1961 1377 2206 1458 fabula,
2278 1397 2469 1461 quam
2522 1382 2672 1442 ante

456 1486 642 1551 huius
683 1483 946 1551 nominis
998 1483 1222 1551 urbem
1276 1484 1591 1550 conditam
1651 1485 1805 1550 oriri
1853 1503 1976 1550 non
2034 1486 2314 1566 potuisse
2357 1484 2425 1550 Ο.
2471 1484 2672 1549 Muel-

456 1592 625 1656 lerus
648 1591 699 1674 8)
752 1597 932 1657 recte
984 1591 1245 1657 monuit.
1336 1595 1426 1656 Ac
1483 1611 1563 1657 ne
1623 1588 1995 1673 Catalogum
2044 1591 2297 1674 quidem
2349 1591 2442 1656 illi
2471 1593 2522 1672 ⁹)
2590 1592 2670 1657 ad

449 1697 648 1763 multo
677 1698 1037 1779 vetustiora⁹
1063 1702 1349 1779 tempora
1377 1699 1785 1763 rettulerunt.
1872 1698 1987 1761 Th.
2012 1697 2325 1778 Bergkius
2349 1699 2426 1779 ¹⁰)
2455 1703 2670 1763 autem

447 1823 587 1869 cum
630 1823 848 1869 omnes
892 1803 972 1869 ad
995 1804 1157 1870 hanc‘
1185 1805 1570 1870 sententiam
1593 1803 1983 1885 probandam
2011 1805 2290 1870 rationes
2311 1811 2665 1885 respueret,

442 1911 636 1975 nimia
677 1910 803 1976 fide
845 1929 998 1977 usus
1042 1912 1412 1993 Catalogum
1457 1911 1537 1977 ab
1580 1913 1716 1992 ipso
1759 1910 2050 1991 Hesiodo,
2096 1912 2370 1977 alterum
2412 1931 2664 1978 carmen

446 2036 484 2082 a
527 2018 881 2100 posteriore
916 2016 1201 2083 incertae
1246 2018 1479 2084 aetatis
1523 2024 1714 2100 poeta
1749 2017 1989 2084 factum
2033 2036 2172 2083 esse
2215 2018 2663 2086 arbitrabatur.

605 2124 704 2210 Ex
726 2123 1012 2205 Catalogi
1039 2123 1415 2207 fragmentis
1442 2126 1549 2205 IV,
1579 2125 1659 2205 Π,
1699 2125 1851 2191 VIII
1877 2126 1975 2209 l¹),
2019 2126 2278 2191 restitui
2306 2132 2518 2207 potest
2548 2126 2663 2192 hoc

438 2236 711 2297 stemma
751 2228 1328 2312 antiquissimorum
1376 2231 1683 2297 Graeciae
1726 2231 2056 2297 nobilium:

704 2334 1013 2414 Ἰαπετός

708 2420 1112 2617 Πρρὲιηθεύς
1163 2513 1229 2582 -l-
1320 2503 1654 2593 Πανδώρη

990 2592 1395 2625 --m--an——u-a

993 2624 1377 2688 Δευκαλίων
1428 2632 1493 2698 -Ι-
1544 2623 1784 2707 Πύρρα

1288 2708 1640 2744 ψ

1346 2738 1579 2827 Ἕλλην

680 2866 908 2947 Δῶρος
1326 2860 1600 2938 Ξοῦθος
1851 2844 2102 2941 Αἷῖἶος

430 2976 739 3061 Κρηθεύς
875 2972 1188 3064 ’Λθάμας
1334 2985 1634 3066 Σίσυφος
1769 2983 2164 3067 Σαλμωνεύς
2300 2984 2650 3072 Περιήρης.

597 3086 876 3163 Quorum
916 3085 983 3151 in
1040 3085 1313 3152 sortibus
1370 3087 1742 3154 enarrandis
1794 3096 2044 3170 poetam
2065 3143 2080 3171 ,
2150 3091 2530 3174 simulatque
2574 3092 2653 3159 de

429 3188 815 3256 Athamante
860 3191 1051 3271 dixit,
1124 3192 1339 3257 Phrixi
1384 3212 1629 3276 quoque
1686 3193 1965 3260 fabulam
2007 3196 2350 3262 intexuisse
2392 3199 2527 3263 veri
2570 3198 2650 3265 si-

424 3295 758 3362 millimum
801 3302 920 3377 est,
972 3298 1094 3364 etsi
1133 3299 1394 3380 nullum,
1439 3300 1603 3382 quod
1646 3300 1769 3366 huc
1809 3302 2160 3383 pertineat,
2219 3301 2647 3387 fragmentum

424 3403 731 3486 Catalogo
771 3404 1013 3472 diserte
1056 3406 1437 3488 assignatur.

561 3612 619 3684 6)
657 3615 790 3672 Hes,
827 3614 992 3687 frgm.
1031 3633 1160 3689 pag.
1203 3618 1322 3675 136.

563 3711 616 3777 7)
651 3710 812 3768 Hom.
854 3710 955 3766 Od.
994 3712 1131 3769 Exc.
1167 3713 1251 3769 IV
1286 3730 1418 3785 pag.
1456 3713 1577 3769 324.

560 3806 618 3873 8)
659 3805 820 3863 Orch.
856 3823 988 3878 pag.
1028 3807 1150 3863 340.
1225 3809 1444 3880 Proleg.
1485 3827 1616 3883 pag.
1655 3814 1744 3884 63,
1786 3814 1907 3870 143.

561 3901 616 3967 9)
656 3902 963 3958 Marcksch.
1003 3920 1133 3974 pag.
1174 3904 1294 3960 141.
1368 3906 1596 3965 Kirchh.
1634 3926 1766 3981 pag.
1804 3912 1930 3967 330.

561 3995 657 4061 10)
697 3996 1053 4054 Griechische
1069 3998 1707 4071 Literaturgeschichte.
1744 4003 1935 4060 Berlin
1955 4008 2108 4063 1872.
2149 4010 2193 4077 Ι,
2214 4026 2341 4078 pag.
2365 4011 2504 4065 1004
2523 4028 2635 4081 sqq.

563 4089 655 4161 11)
692 4091 836 4147 Utor
874 4094 1117 4149 numeris
1172 4096 1665 4167 Marckscheffelii3
1741 4101 1887 4170 apud
1943 4102 2435 4174 Goettling-Flach
2473 4113 2635 4163 sunt:

411 4184 482 4240 fr.
524 4184 628 4239 142
668 4184 955 4256 (Lactant.
992 4188 1204 4245 Placid.
1243 4207 1459 4261 argum.
1497 4194 1571 4248 ad
1606 4193 1767 4251 ovid.
1803 4201 2027 4252 metam.
2066 4197 2138 4266 Ι).

408 4280 478 4335 fr.
519 4279 593 4335 30
628 4279 819 4346 (schol.
858 4283 1038 4352 Apoll.
1075 4284 1249 4341 Rhod.
1286 4287 1394 4356 III,
1433 4288 1613 4358 1086).

411 4375 485 4432 fr.
523 4376 594 4431 32
630 4375 846 4446 (Tzetz.
885 4379 958 4434 ad
993 4380 1264 4450 Lycophr.
1303 4382 1452 4452 284).
